2442 3609
368 690 422 740 An
443 687 715 738 HERENNIUM
736 698 793 737 ιιι.
811 701 847 737 rv.
878 704 913 750 95

311 783 377 850 quod
388 780 414 839 fi,
430 779 531 831 illorum
548 779 691 830 aunonnte
700 790 802 838 remota,
814 795 853 830 res
862 794 917 828 om·

313 876 358 909 nes
365 858 451 908 volent
457 873 513 906 eum
522 872 547 907 re
557 872 704 922 comparare,
712 855 857 925 intelligent,
866 871 918 905 non

286 936 399 992 3omnia
408 933 453 985 cist
461 934 613 984 concedenda
622 934 770 1000 antiquitrti.
806 934 917 983 Primum

313 1014 397 1080 igitur,
417 1012 481 1079 quod
494 1013 523 1061 ab
532 1013 566 1060 eis
574 1013 602 1061 de
613 1010 827 1070 modestiadicitur,
836 1011 917 1061 videe-

314 1107 378 1148 mus,
386 1106 417 1139 ne
425 1087 817 1156 nimiumpueriliterproferatur.
838 1085 918 1137 namsi

315 1180 403 1224 troere,
411 1179 436 1216 et
443 1164 506 1214 nihil
515 1164 617 1215 scribere
629 1164 790 1224 modestinest,
800 1181 843 1214 cur
851 1166 918 1230 quic·

314 1261 390 1312 quarn
401 1243 515 1299 scribunt,
529 1254 570 1292 aut
582 1241 732 1308 loquuntur?
741 1240 776 1290 fin
786 1241 874 1308 aliquid
881 1239 920 1290 su·

315 1322 489 1379 nrnscribunt;
502 1335 553 1377 cur,
568 1336 618 1385 quo
627 1318 794 1368 seciusonrniu
808 1319 920 1375 scribant,

316 1398 483 1462 impediuntur
490 1397 620 1446 modestia?
633 1395 697 1463 quast
706 1394 784 1461 siquis
792 1395 821 1444 ad
832 1394 921 1461 Olynt-

317 1475 416 1541 piacum
425 1474 521 1523 venerit
529 1474 634 1531 cursum,
646 1485 672 1523 et
681 1473 779 1531 steterit,
797 1483 825 1521 ut
840 1474 922 1520 mitta·

320 1564 369 1609 tur,
379 1551 576 1616 impudentesque
586 1549 642 1599 illos
649 1551 711 1600 dicat
719 1548 772 1606 effe,
789 1550 831 1616 qui
841 1564 922 1598 curre-

320 1645 347 1678 re
355 1628 487 1693 coeperint,
500 1627 548 1696 ipse
558 1628 623 1676 intra
630 1642 736 1678 carceres
746 1626 797 1685 stet,
809 1638 833 1676 et
841 1637 924 1676 narret

320 1704 382 1764 aliis,
393 1705 598 1771 quomodoLadas
606 1716 647 1754 aut
656 1706 729 1770 Bojus
737 1719 793 1753 curn
803 1703 924 1770 Sicyoniis

272 1784 275 1793 '
321 1781 467 1831 cursitarint.
487 1781 570 1839 ficisti,
591 1798 648 1830 curn
661 1781 761 1831 inanis
776 1780 924 1830 curriculum

322 1858 501 1916 descenderunt,
509 1856 572 1915 illos,
579 1859 696 1924 quiineo¹
708 1858 772 1925 quod
781 1857 814 1906 est
821 1858 924 1915 artificii,

321 1934 453 1994 elaborent}
471 1937 539 1984 aiunt
555 1935 634 1984 facere
648 1933 787 1984 immodeste
796 1953 804 1994 ;
822 1934 865 2000 ipsi
882 1933 927 1983 ali-

323 2029 398 2079 quem
408 2015 535 2079 antiquum
548 2026 680 2070 oratorem,
703 2023 745 2060 aut
759 2022 856 2076 poetom
873 2010 926 2060 lau·

325 2090 392 2148 dant,
409 2102 451 2138 out
466 2091 618 2153 scripturam,
637 2087 668 2138 sic
682 2099 709 2136 ut
723 2089 750 2137 in
758 2088 857 2137 studium
868 2089 928 2138 artis

323 2167 459 2216 rhetoricae
472 2166 568 2231 prodire
585 2183 636 2215 non
654 2165 765 2214 audeant.
785 2182 835 2214 non
852 2164 925 2215 ausim

324 2244 411 2301 dicere,
424 2243 462 2292 sed
473 2254 555 2292 tamen
563 2259 694 2299 vereor,ne
704 2243 785 2308 quain
796 2259 821 2292 re
831 2242 927 2292 laudem

324 2321 452 2371 modestiae
462 2332 590 2387 venentur,
606 2321 672 2369 inea
684 2320 732 2384 ipsa
748 2335 773 2367 re
789 2319 834 2368 sint
847 2321 928 2384 impu·

325 2399 419 2446 dentes.
440 2396 497 2462 quid
513 2397 579 2444 enim
596 2397 640 2445 tibi
647 2396 702 2446 vis?
722 2395 808 2460 aliquis
825 2397 929 2461 inquict.

326 2487 405 2524 artem
415 2487 483 2522 tuam
491 2472 587 2522 scribis:
605 2473 686 2539 gignis
696 2473 766 2520 nobis
777 2489 853 2522 novas
860 2489 929 2537 prae-

326 2553 466 2616 teptiones:
480 2566 520 2598 eas
530 2549 577 2615 ipse
586 2549 730 2601 confirmare
743 2566 793 2597 nou
804 2561 873 2614 potes
883 2567 889 2599 ε
901 2551 931 2598 ab

327 2627 380 2677 aliis
387 2624 499 2691 exempla
508 2627 589 2674 tumis.
609 2627 665 2675 vide
675 2644 706 2676 ne
716 2625 791 2674 facias
803 2628 929 2691 impuden-

327 2716 373 2762 ter,
384 2706 425 2768 qui
435 2716 478 2752 tuo
488 2703 583 2751 nomini
590 2703 651 2752 velis
658 2720 688 2752 ex
699 2702 801 2751 aliorum
810 2702 932 2753 laboribus

327 2781 402 2830 libare
412 2779 517 2828 laudern.
537 2796 593 2828 nam
607 2779 723 2828 ficorum
737 2778 864 2829 volumina
876 2799 931 2846 pre·

327 2858 459 2906 henderint
467 2857 559 2921 antiqui
569 2868 685 2913 oratores,
694 2869 718 2906 et
726 2871 818 2921 poetae,
830 2869 854 2907 et
862 2857 931 2907 suum

328 2935 427 3000 quisque
445 2934 472 2982 de
489 2931 558 2982 libris
573 2933 713 2994 sui’tuierit3
729 2933 875 2981 rinin'ffixs,
886 2928 961 2984 enm

324 3012 396 3060 suurn
413 3010 505 3070 veiint,
519 3010 697 3079 reiinquetut.
716 3021 748 3058 ut
764 2997 904 3058 enen&xix
916 3003 981 3090 Ψζ

318 3087 391 3137 niam
402 3089 624 3144 testimoniorum
634 3067 969 3142 iruitiieiuffis'fflmw
