2442 3609
380 654 774 740 bunun-sneunnusss
823 668 884 753 155

281 778 406 845 metite
425 798 458 839 ac
472 774 551 839 simul
561 773 715 849 ostendere,
726 794 786 837 non
798 758 887 857 oper-¹

281 866 361 931 tuiss'e
370 880 438 927 ente
450 862 625 947 supplicium,
641 866 725 945 quim
736 863 885 946 judicium,

281 958 475 1034 interponere.
497 951 638 1031 tumleges
650 967 799 1033 quoqueet
810 952 886 1031 judi-

284 1044 329 1103 ein
339 1030 550 1100 &monstrinda
559 1036 635 1113 sunt,
649 1058 697 1119 per
708 1058 779 1119 quae
787 1054 886 1120 potue·

284 1128 323 1189 rit
329 1120 358 1187 id
365 1120 596 1209 peccetum5quod
604 1124 703 1206 sponte
710 1124 757 1183 sua
765 1146 826 1205 neus
834 1146 886 1208 pu·

284 1216 363 1277 nitus
376 1211 421 1291 fit,
438 1214 563 1273 moribus
578 1227 608 1271 et
617 1212 725 1291 judicio
737 1213 888 1280 vindicari.

284 1300 386 1363 deinde
401 1318 503 1377 negare
513 1297 635 1370 debebit,
654 1297 742 1355 audiri
758 1316 890 1378 oportere

285 1386 328 1462 id,
339 1385 416 1465 quod
431 1387 463 1444 in
473 1384 671 1467 eum-criminis
679 1383 893 1461 conferatunde

289 1470 382 1555 quoii
398 1468 464 1551 ipse,
477 1471 526 1550 qui
540 1468 674 1544 conferat,
683 1469 819 1548 judicium
834 1470 894 1534 fieri

286 1554 429 1622 noiueritt'
441 1573 470 1617 et
480 1557 520 1632 id,
531 1548 609 1637 quod
620 1555 774 1642 judicatum
782 1558 895 1637 nouit,

289 1668 342 1732 pto
354 1643 457 1707 infecto
471 1646 564 1705 haberi
575 1661 717 1726 oportere.
741 1644 831 1724 postea
841 1649 894 1709 im·

290 1734 449 1818 pudentiam
457 1732 642 1793 demonstrare
654 1754 762 1808 eorum,
774 1736 894 1814 quieum

291 1842 369 1884 nunc
384 1820 457 1901 apud
470 1820 577 1898 judices
590 1819 728 1891 accusent,
740 1840 823 1899 quem
838 1821 894 1881 fine

289 1909 432 1990 judicibus
440 1904 488 1985 ipsu
497 1904 722 1963 condemnarint:
731 1921 759 1963 et
767 1905 801 1964 de
809 1909 896 1985 enju-

293 1996 398 2057 dicium
406 1991 520 2064 faciant,
532 1985 567 2057 de
578 2010 636 2069 quo
647 1991 708 2068 jam
715 1988 762 2068 ipfi
770 1989 898 2071 supplici·

293 2103 342 2144 um
359 2076 531 2160 sumpserint.
554 2075 648 2159 postea
663 2079 900 2159 perturbationem

290 2168 392 2252 judicii
402 2166 521 2226 futuram
531 2166 665 2240 dicemus,
676 2181 704 2224 et
715 2164 824 2243 judices
835 2169 900 2228 loni

291 2260 369 2335 gius,
377 2276 460 2337 quam
468 2252 764 2335 potestatemhabeant‚
771 2253 900 2334 progres-

295 2341 417 2419 suros‚si
432 2341 509 2401 simul
520 2357 548 2399 et
559 2341 594 2399 de
605 2361 665 2415 reo,
680 2355 709 2398 et
720 2341 753 2397 de
759 2360 805 2417 eo,
817 2350 900 2419 quem

297 2449 362 2489 reus
376 2442 484 2505 arguat,
499 2426 661 2502 judicarint.
686 2425 794 2496 deinde,
812 2430 866 2485 hoc
881 2425 902 2488 fi

300 2512 481 2575 constitutum
491 2511 534 2584 fit,
545 2524 576 2567 ut
586 2524 696 2589 peccata
704 2512 831 2568 homines
839 2532 901 2590 pec·

301 2600 389 2673 catis,
411 2614 440 2658 et
458 2598 574 2675 injurias
593 2596 704 2673 injuriis
723 2594 901 2679 ulciscantur,

301 2701 440 2768 quantum
456 2681 697 2742 incommodorum
708 2681 900 2765 consequatur.

301 2797 335 2835 ac
349 2773 369 2834 fi
384 2774 455 2833 idem
467 2771 555 2830 facere
566 2767 633 2850 ipse,
644 2771 776 2848 quinunc
784 2774 902 2851 accusat,

297 2860 445 2935 voluissem
460 2862 557 2918 nehoc
565 2857 675 2937 quidem
686 2856 745 2938 ipso
754 2860 915 2936 quidum

294 2946 608 3028 ‘opusfiuissetjudieiot
624 2943 928 3011 sivemeaetee'xnun

292 3036 431 3115 queidem
438 3037 569 3121 ficiunt,
584 3038 720 3105 omnmo
729 3029 928 3114 'inmensum
