2442 3609
360 711 414 763 AD
435 708 710 760 HERENNIUM
731 721 837 759 utute.
876 722 910 779 93

305 815 362 848 cere
375 801 468 858 dicauit,
481 811 609 865 propterea
622 799 687 866 quod
696 799 804 849 videatur
816 795 860 848 effe
875 798 912 848 os-

307 876 543 942 tentatioquaedam,
557 892 608 925 non
621 877 677 926 satis
689 877 777 925 habere
791 878 911 943 praecipe-

306 969 334 1002 re
345 953 373 1002 de
386 951 546 1019 artificio,vsed
559 951 622 1018 ipsos
631 953 702 1003 etiam
712 953 789 1002 videri
800 951 863 1002 velle
872 969 911 1002 ar·

304 1028 405 1078 tificiose
413 1032 512 1096 gignere
526 1029 654 1094 exempla:
671 1030 719 1078 hoc
732 1029 773 1087 est,
789 1031 911 1096 inquiunt,

304 1104 425 1155 ostentare
435 1106 466 1164 se,
482 1105 665 1156 nonossendere
678 1116 765 1154 artem.
785 1123 858 1171 quare
866 1123 912 1171 pu-

304 1181 351 1230 dor
364 1182 389 1231 in
403 1182 527 1247 primisest
536 1183 564 1230 ad
571 1199 625 1232 eam
635 1198 686 1232 rem
695 1182 910 1245 impedimento,ne

305 1273 353 1307 uos
371 1257 435 1308 solos
447 1259 555 1325 probare,
568 1275 614 1307 nos
627 1275 715 1318 amare,
732 1259 911 1309 alioscontem'-

304 1350 363 1383 nere
371 1346 396 1384 et
405 1335 510 1384 deridere
519 1333 652 1384 videamur.
672 1335 762 1385 etenim
775 1351 831 1384 eum
840 1335 911 1401 poffi-

305 1426 361 1460 mus
374 1412 402 1459 ab
417 1412 498 1460 Ennio
513 1411 644 1476 sumptum,
660 1423 729 1461 autu
738 1413 855 1462 Graccho
865 1430 912 1478 po.

304 1503 364 1537 nere
377 1487 525 1553 exemplum,
539 1489 635 1537 videtur
649 1488 694 1537 effe
710 1490 855 1555 arrogantia,
869 1489 911 1539 illa

301 1563 450 1630 relinquere,
458 1577 483 1614 et
496 1565 525 1613 ad
540 1564 580 1613 sua
590 1565 714 1614 devenire.
735 1577 858 1630 praeterea
866 1583 910 1616 ex·

304 1641 386 1706 empla
394 1641 586 1691 testimoniorum
605 1641 686 1691 locum
702 1643 824 1692 obtinent.
845 1643 868 1691 id
883 1660 909 1695 e·

301 1717 366 1776 nim,
375 1719 440 1785 quod
451 1719 610 1777 admonuerit,
622 1732 646 1767 et
654 1717 739 1768 leviter
747 1719 831 1768 fecerit
838 1737 908 1786 prae·

305 1797 393 1859 ceptio,
402 1794 525 1862 exemplo,
540 1795 597 1844 ficut
606 1795 751 1855 testimonio,
766 1798 909 1862 comproba·

300 1882 355 1919 tur.
376 1888 427 1920 non
435 1873 509 1938 igitur
517 1869 630 1921 ridiculus
640 1872 674 1930 fit,
683 1872 700 1921 fi
708 1874 793 1938 quisin
806 1873 857 1931 lite,
864 1885 909 1923 aut

305 1947 436 2010 injudicio,
445 1948 578 1998 domesticis
585 1950 726 1997 testimoniis
734 1941 833 2015 pugnet,
842 1963 866 1998 et
874 1951 909 1999 sui

306 2023 378 2089 ipsius
386 2025 497 2073 abutatur
506 2024 620 2090 exempto
629 2029 637 2075 ἓ
658 2037 685 2074 ut
694 2026 759 2074 euim
772 2026 909 2075 testimoui-

300 2116 356 2158 um,
370 2100 400 2150 stc
408 2101 598 2168 exemplum,rei
606 2101 784 2152 confirmandae
793 2102 860 2152 causa
868 2102 907 2152 su·

304 2177 391 2226 mitur.
412 2195 462 2228 non
474 2197 533 2246 ergo
547 2191 645 2245 oportet
656 2179 710 2238 hoc,
726 2179 769 2228 nisi
794 2181 908 2245 aproba·
943 2190 949 2195 '

303 2253 392 2304 tiffimo
399 2256 468 2314 sumi,
477 2257 582 2323 ne,quod
589 2255 653 2304 aliud
661 2258 803 2305 confirmare
815 2257 907 2317 debeat,

304 2344 374 2397 egeat
391 2331 467 2398 ipsum
482 2332 684 2383 confirmationis.
711 2333 801 2381 etenim
817 2331 908 2383 necesse

302 2407 337 2457 est
350 2421 390 2456 aut
403 2413 425 2458 se
435 2411 547 2459 omnibus
560 2420 717 2475 anteponant,
736 2421 761 2457 et
776 2400 815 2457 Tua
828 2409 907 2459 maxi·

301 2500 344 2532 me
355 2487 475 2549 probent;
487 2500 529 2535 aut
537 2498 627 2553 negent
635 2486 728 2552 optima
736 2483 907 2550 esseexempla,

300 2575 366 2626 ‚quae
387 2577 400 2609 a
415 2562 581 2626 probatiiiim'is
599 2562 742 2619 oratoribus,
771 2574 813 2610 aut
829 2563 908 2627 poetis

303 2637 398 2700 sumpta
407 2637 471 2687 sunt.
491 2638 538 2688 srse
546 2641 660 2689 omnibus
671 2650 828 2703 anteponant,
843 2639 907 2688 into·

303 2711 399 2762 letabili
410 2717 548 2782 arrogantia
562 2719 626 2765 sunt.
647 2718 734 2781 siquos
748 2714 790 2763 fibi
804 2731 906 2782 praepo-

303 2801 372 2846 nant,
394 2802 517 2840 eteorum
538 2792 650 2858 exempla
665 2793 712 2841 suis
724 2790 841 2857 exemplis
856 2809 907 2842 nou

303 2879 390 2932 putent
398 2868 522 2933 praestare,
538 2886 588 2918 non
597 2867 693 2934 poss'unt
701 2868 777 2917 dicere
786 2886 859 2934 quare
866 2870 908 2919 sibi

279 2956 292 2992 2
302 2942 358 2992 iilos
367 2955 526 3011 anteponant.
587 2946 656 3012 Quid
661 2945 736 3010 igitur
747 2943 916 3008 ipimuwtx-

293 3022 526 3091 tasantiquotum?
547 3041 614 3076 uam
628 3015 948 3088 cumresptoudnuxoxes,

292 3105 350 3149 tutu
364 3099 510 3159 huminum
518 3104 616 3166 studia,
626 3091 837 3155 adiumentum
841 3082 975 3130 mamm
