2442 3609
374 649 430 700 An
450 648 723 702 HERENNIUM
744 661 802 700 iii.
817 664 851 701 ii.
881 660 918 713 43

313 742 554 808 argumentationem
563 756 596 790 ex
618 741 724 808 quinque
738 741 847 806 partibus
860 758 920 792 eon·

314 817 384 877 mre.
408 818 434 867 in
449 832 593 885 uniquique
613 828 681 884 parte
701 819 919 884 argumentationis

314 895 623 961 quievitiiritandisunt,
641 893 831 946 consideremus:
852 908 880 946 iit
893 906 919 945 et

316 969 361 1038 ipsi
369 971 400 1021 ab
408 972 448 1023 liii
456 971 870 1031 vitiisreeeilere,etailrerstrioriim
879 989 918 1023 ar·

313 1050 512 1117 gumentationee
525 1048 572 1099 liic
578 1050 747 1114 praeceptione
760 1050 786 1099 in
804 1050 919 1100 omnibus

313 1126 424 1192 pertibus
433 1137 534 1185 tentem,
545 1136 571 1176 et
584 1123 700 1192 italique
712 1124 918 1191 putelibefatti·

313 1216 342 1253 re
350 1200 474 1267 poffiniur.
492 1201 611 1270 expositio
620 1201 705 1251 vitiosi
717 1201 758 1261 esi,
770 1218 826 1252 cnm
837 1201 918 1253 nbili-

314 1290 412 1345 queant
421 1279 611 1344 omnioreparte
621 1278 650 1327 ad
657 1292 743 1329 omnes
749 1277 875 1329 confertur
885 1280 917 1339 ir.

314 1353 379 1421 quoi
387 1370 438 1404 noi
445 1352 572 1405 necessario
581 1354 616 1404 est
629 1355 743 1405 omnibns
758 1356 918 1420 attributum3

314 1429 368 1480 ntsi
378 1431 487 1498 quishoe
496 1433 569 1482 modo
576 1444 701 1498 exponit:
722 1440 822 1481 ‘omnes
836 1432 918 1498 quiin

314 1509 543 1574 ‘paupertatesunt
564 1508 657 1559 malunt
665 1507 874 1574 maleficiopirare
882 1509 918 1558 di·

312 1586 409 1644 ‘vitiae
417 1585 572 1653 qnemofficio
577 1597 744 1652 paupertatem
752 1585 919 1652 tueri'fiquis

310 1660 361 1712 hoc
378 1664 450 1712 modo
463 1665 600 1730 exposuerit
622 1664 867 1731 argumentationem,
890 1674 918 1712 ut

310 1755 364 1789 noii
375 1750 571 1807 curetquierere,
582 1740 659 1806 qualis
674 1741 737 1790 ratio
755 1753 798 1790 eut
814 1741 917 1790 rationis

313 1817 468 1866 confirmatio
484 1814 520 1875 sit,
543 1816 618 1882 ipsam
631 1816 701 1867 facile
713 1818 916 1883 reprehendemur

312 1893 496 1959 expositionem,
514 1909 571 1943 cum
579 1892 739 1952 ostendemus,
749 1895 773 1943 id
780 1894 844 1960 quod
854 1895 879 1943 in
890 1911 916 1943 a·

312 1967 380 2035 liquo
393 1986 498 2036 paupere
512 1971 624 2036 improbo
639 1970 674 2029 sit,
696 1971 721 2020 in
731 1986 817 2020 omnes
826 1986 917 2036 paupe-

312 2045 421 2096 ressalso
430 2061 455 2097 et
464 2048 553 2113 injuria
562 2047 678 2097 conferri.
698 2049 757 2097 item
772 2048 857 2097 vitiosa
871 2063 916 2097 ex·

312 2125 397 2190 positio
408 2124 448 2183 est,
457 2141 512 2174 cnm
522 2126 554 2184 iit
563 2125 628 2191 quod
636 2141 690 2175 raro
701 2125 735 2184 fit,
749 2124 801 2175 fieri
812 2125 916 2176 omnino

311 2215 423 2269 negatur,
433 2203 481 2253 hoc
490 2204 563 2252 moilo
573 2220 579 2251 :
589 2210 596 2231 ⁴
606 2219 679 2252 nemo
694 2202 771 2268 potest
778 2220 827 2253 uno
836 2204 916 2270 aspec-

312 2286 364 2339 ‘tu‚
377 2296 454 2347 neque
462 2282 618 2346 praeteriens,
631 2282 657 2329 in
670 2297 779 2330 amorem
792 2281 916 2331 incideret

311 2373 371 2406 nam
386 2356 739 2407 enmnoniiemodereneritin
748 2373 857 2406 amorem
866 2373 917 2407 uno

311 2432 414 2497 ispeiiu,
422 2445 446 2483 et
456 2450 511 2483 cum
519 2433 560 2483 ille
573 2434 696 2482 neminem
707 2433 795 2483 dixerit
805 2435 916 2494 omnino,

312 2508 375 2558 nihil
387 2508 466 2559 differt
477 2527 532 2560 raro
548 2511 571 2559 id
584 2510 644 2566 lieri,
660 2510 792 2560 dummodo
809 2510 917 2576 aliquan..

269 2588 297 2629 2¹
315 2586 347 2635 do
358 2585 408 2636 sieri
416 2598 457 2635 aut
465 2586 528 2653 posse
538 2587 590 2636 sieri
602 2587 761 2654 intelligatur.
782 2589 845 2637 Item
859 2589 917 2639 viti·

313 2664 354 2714 osa
363 2662 480 2729 expositio
497 2664 538 2722 esi,
552 2681 608 2714 cnm
619 2682 705 2715 omnes
719 2681 758 2714 res
769 2664 916 2718 ostendimus

311 2759 358 2794 nos
365 2740 492 2809 collegisse,
510 2754 534 2792 et
543 2741 649 2809 aliquam
659 2761 710 2793 rem
723 2743 834 2794 idoneam
844 2761 914 2810 prae·

310 2823 420 2880 terimus,
431 2821 480 2870 boe
491 2820 582 2870 modo:
602 2823 733 2888 ‘qnoniam
744 2821 818 2887 igitur
832 2823 915 2874 homi·

310 2904 319 2927 ·
329 2916 386 2950 nem
396 2899 501 2950 occisum
511 2898 605 2949 constit
621 2898 679 2959 elle,
691 2897 789 2951 neeesse
795 2898 834 2946 eit
847 2909 898 2946 m
908 2914 931 2944 ι

308 2982 318 3003 ¹
321 2978 495 3041 praedonibus,
517 2990 563 3030 ant
575 2982 609 3031 ab
624 2979 741 3030 mimmii
760 2971 878 3022 orexim
891 2962 946 3011 eut

301 3058 359 3105 ‘aot
368 3058 412 3110 ibi
426 3069 464 3124 te,
475 3059 615 3133 quemilie
622 3057 756 3117 teretem
767 3046 947 3102 temam*
