2442 3609
410 768 754 823 constituos.
842 778 892 825 181

293 859 432 929 docetquoe
439 860 720 927 restoprotettquitem
728 859 894 922 vehementer,

293 939 411 1005 nusquam
419 937 492 988 decise
502 956 509 987 z
529 937 569 987 sed
575 949 658 987 tomen
667 939 709 987 hic
718 937 811 990 fructus
819 938 852 991 est
859 937 896 987 as-

293 1014 416 1073 iiduitttis.
429 1032 481 1065 non
488 1013 566 1064 solum
577 1011 622 1063 offo
631 1018 731 1072 Rome.
741 1025 812 1081 utque
821 1016 846 1064 in
854 1013 895 1063 fo·

293 1105 339 1152 ro;
358 1093 397 1141 sed
412 1092 498 1141 affidoe
508 1103 590 1155 petere
598 1108 605 1151 ;
625 1091 693 1157 soepe
702 1091 797 1141 eosdem
812 1089 895 1158 appel·

292 1164 359 1228 ltre3
379 1184 430 1217 non
440 1168 602 1224 committere,
612 1179 638 1216 ut
648 1167 771 1233 quisquam
782 1168 851 1232 poffit
858 1167 898 1217 di-

292 1260 354 1302 cerc,
367 1245 484 1310 quidejus
494 1243 530 1300 fit,
540 1243 606 1309 quod
613 1243 726 1310 consequi
734 1242 838 1308 poffis‚1i
853 1244 901 1295 obs

292 1331 317 1370 te
326 1336 378 1371 nort
390 1318 548 1387 iitrogatum‚
557 1320 662 1371 etvrtde
675 1336 703 1369 oc
717 1317 845 1386 diligenter
853 1335 895 1370 ro·

291 1407 387 1463 gotum.
411 1394 900 1462 ornrortrrrsautemlatepatetetest

291 1472 352 1523 iore
361 1471 492 1523 familiari:
508 1488 715 1539 quaequonquom
724 1471 895 1522 admultitudi·

291 1565 349 1599 nem
359 1551 489 1615 pervenire·
497 1565 550 1598 non
561 1548 653 1614 potest3
674 1561 755 1599 tamen
769 1550 798 1599 ob
811 1549 896 1600 amicis

291 1624 402 1675 laudatur
411 1625 581 1688 multitudini
590 1637 659 1691 grato
670 1626 704 1675 est
714 1643 721 1675 :
735 1626 768 1676 est
776 1626 801 1675 in
809 1625 894 1675 convi-

290 1703 345 1759 viis,
359 1719 418 1768 quae
431 1703 476 1761 fac,
485 1714 511 1752 et
526 1703 567 1750 abs
575 1714 599 1751 to
607 1713 632 1750 et
642 1703 672 1750 ab
684 1702 768 1752 amicis
776 1703 825 1752 tuis
834 1718 894 1750 con-

290 1777 450 1837 celebrentur,
456 1791 480 1828 et
493 1779 583 1844 paffim,
596 1789 621 1827 et
628 1779 754 1828 tributim:
775 1777 808 1828 est
820 1779 897 1828 otiam

290 1855 317 1906 in
327 1872 407 1922 opera,
419 1873 490 1922 quam
504 1852 622 1921 pervulgo
630 1866 656 1903 et
668 1856 831 1904 communica.
851 1870 895 1904 cu.

290 1947 326 1990 ra,
337 1945 364 1982 ut
380 1933 456 1983 aditus
469 1933 499 1981 td
513 1944 536 1980 te
547 1930 627 1980 diurni
641 1943 712 1997 atque
725 1931 839 1981 nocturni
852 1948 895 1996 pt·

291 2019 375 2058 temt:
392 2027 470 2076 nequo
485 2008 578 2058 foribus
589 2006 668 2056 solum
678 2009 771 2057 aedium
787 2020 894 2068 tuarum,

290 2083 411 2135 sedetiam
427 2085 499 2136 vultu
512 2096 537 2134 ot
551 2083 643 2140 fronte,
659 2100 721 2149 quae
730 2085 764 2135 est
776 2085 895 2148 animija-

290 2177 340 2211 nuo
348 2181 355 2223 ;
375 2179 436 2229 quae
450 2162 467 2212 fi
479 2161 603 2228 fignificat,
617 2159 771 2210 voluntatem
787 2161 896 2211 abditam

291 2235 375 2288 esseae
387 2238 511 2296 retrusam.
522 2240 590 2302 parvi
600 2236 683 2294 refert,
700 2248 782 2303 patero
795 2237 894 2288 ostium.

291 2316 405 2366 homines
413 2316 479 2366 enim
494 2331 544 2363 non
553 2313 627 2363 modo
636 2315 748 2379 promitti
760 2313 809 2371 fibi,
825 2330 895 2379 prae·

291 2391 373 2442 sertim
382 2410 443 2459 quae
451 2410 466 2441 o
480 2391 612 2440 candidato
617 2402 709 2454 petant,
717 2390 756 2439 sed
764 2390 838 2439 etiam
846 2391 897 2439 lar·

291 2486 322 2534 ge
342 2481 414 2534 atque
428 2467 564 2517 honorifice
578 2467 690 2531 promitti
703 2465 801 2516 volunt.
822 2483 895 2533 quare

290 2545 340 2594 hoc
352 2545 448 2610 quidem
456 2542 527 2593 facile
535 2543 738 2609 praeceptumest,
752 2554 779 2591 ut
785 2543 896 2609 quodoc·

260 2628 263 2633 '
292 2619 406 2678 torosis,
415 2621 439 2669 id
449 2620 564 2688 fignifices
572 2632 596 2668 te
604 2619 706 2669 studiose
714 2635 740 2669 ac
748 2619 851 2670 libenter
858 2620 895 2669 es-

290 2696 315 2749 se
334 2696 471 2748 fatturum:
499 2696 560 2747 illud
579 2695 704 2755 difficilius,
726 2708 751 2745 et
765 2697 843 2763 magis
863 2697 894 2747 nd

292 2785 397 2840 tompus,
421 2791 495 2839 quam
512 2774 542 2823 od
554 2786 666 2822 naturam
684 2774 898 2823 accommodatum.

292 2862 368 2908 tuam,
385 2850 536 2915 quodfacere
546 2867 597 2899 non
610 2849 689 2914 possis,
710 2861 736 2897 ut
754 2849 778 2898 id
790 2849 895 2912 jucunde

292 2944 382 2994 neges:
403 2944 506 2992 quorum
518 2923 622 2977 alterum
639 2927 672 2976 est
684 2925 741 2975 boni
750 2925 813 2987 viri;
834 2923 898 2975 alte-

292 3020 347 3054 rum
372 3005 430 3052 boni
449 3004 571 3069 petitoris.
591 3020 658 3060 nam,
679 3018 735 3051 tum
751 3002 777 3050 id
797 3002 905 3062 ocrim.

292 3082 357 3151 quod
363 3080 473 3146 honeste,
483 3093 526 3137 aut
533 3078 583 3137 iore
591 3075 940 3137 teotmtmouottxotrv.
