<?xml version="1.0" encoding="UTF-8"?>
<!DOCTYPE html PUBLIC "-//W3C//DTD XHTML 1.0 Transitional//EN"
    "http://www.w3.org/TR/xhtml1/DTD/xhtml1-transitional.dtd">
<html xmlns="http://www.w3.org/1999/xhtml" xml:lang="en" lang="en">
 <head>
  <title>
</title>
<meta http-equiv="Content-Type" content="text/html;charset=utf-8" />
  <meta name='ocr-system' content='tesseract 3.04.00' />
  <meta name='ocr-capabilities' content='ocr_page ocr_carea ocr_par ocr_line ocrx_word'/>
</head>
<body>
  <div class='ocr_page' id='page_1' title='image "./mtulliiciceroni24cicegoog_0369.png"; bbox 0 0 2442 3609; ppageno 0'>
   <div class='ocr_carea' id='block_1_1' title="bbox 353 688 917 749">
    <p class='ocr_par' dir='ltr' id='par_1_1' title="bbox 353 688 917 749">
     <span class='ocr_line' id='line_1_1' title="bbox 353 688 917 749; baseline -0.005 -6"><span class='ocrx_word' id='word_1_1' title='bbox 353 690 409 743; x_wconf 76' lang='lat' dir='ltr'>AD</span> <span class='ocrx_word' id='word_1_2' title='bbox 428 688 700 742; x_wconf 78' lang='lat' dir='ltr'>HERENNIUM</span> <span class='ocrx_word' id='word_1_3' title='bbox 722 700 835 738; x_wconf 73' lang='lat' dir='ltr'>mnrv.</span> <span class='ocrx_word' id='word_1_4' title='bbox 867 702 917 749; x_wconf 79' lang='lat'>145</span> 
     </span>
    </p>
   </div>
   <div class='ocr_carea' id='block_1_2' title="bbox 271 776 953 3228">
    <p class='ocr_par' dir='ltr' id='par_1_2' title="bbox 271 776 953 3228">
     <span class='ocr_line' id='line_1_2' title="bbox 271 776 920 841; baseline -0.011 -12"><span class='ocrx_word' id='word_1_5' title='bbox 271 779 384 841; x_wconf 65' lang='lat' dir='ltr'>qaomni</span> <span class='ocrx_word' id='word_1_6' title='bbox 397 779 508 826; x_wconf 84' lang='lat' dir='ltr'>oratione</span> <span class='ocrx_word' id='word_1_7' title='bbox 518 776 651 826; x_wconf 85' lang='lat' dir='ltr'>adhibenda</span> <span class='ocrx_word' id='word_1_8' title='bbox 659 790 847 840; x_wconf 81' lang='lat' dir='ltr'>nonnunquam.</span> <span class='ocrx_word' id='word_1_9' title='bbox 867 776 920 823; x_wconf 84' lang='lat' dir='ltr'>Ex·</span> 
     </span>
     <span class='ocr_line' id='line_1_3' title="bbox 315 851 921 919; baseline -0.007 -16"><span class='ocrx_word' id='word_1_10' title='bbox 315 851 403 919; x_wconf 86' lang='lat' dir='ltr'>politio</span> <span class='ocrx_word' id='word_1_11' title='bbox 416 853 457 912; x_wconf 80' lang='lat' dir='ltr'>esi,</span> <span class='ocrx_word' id='word_1_12' title='bbox 470 870 525 902; x_wconf 91' lang='lat' dir='ltr'>cum</span> <span class='ocrx_word' id='word_1_13' title='bbox 539 855 564 902; x_wconf 90' lang='lat' dir='ltr'>in</span> <span class='ocrx_word' id='word_1_14' title='bbox 578 853 663 901; x_wconf 84' lang='lat' dir='ltr'>eodem</span> <span class='ocrx_word' id='word_1_15' title='bbox 676 851 731 901; x_wconf 89' lang='lat' dir='ltr'>loco</span> <span class='ocrx_word' id='word_1_16' title='bbox 745 867 880 909; x_wconf 81' lang='lat' dir='ltr'>manemus,</span> <span class='ocrx_word' id='word_1_17' title='bbox 893 862 921 900; x_wconf 92' lang='lat' dir='ltr'>et</span> 
     </span>
     <span class='ocr_line' id='line_1_4' title="bbox 309 926 920 1001; baseline -0.005 -22"><span class='ocrx_word' id='word_1_18' title='bbox 309 929 381 1001; x_wconf 64' lang='lat' dir='ltr'>⁸eliud</span> <span class='ocrx_word' id='word_1_19' title='bbox 391 942 462 996; x_wconf 79' lang='lat' dir='ltr'>atquc</span> <span class='ocrx_word' id='word_1_20' title='bbox 472 929 538 980; x_wconf 87' lang='lat' dir='ltr'>aliud</span> <span class='ocrx_word' id='word_1_21' title='bbox 544 931 622 979; x_wconf 88' lang='lat' dir='ltr'>dicere</span> <span class='ocrx_word' id='word_1_22' title='bbox 630 928 749 978; x_wconf 84' lang='lat' dir='ltr'>videmur.</span> <span class='ocrx_word' id='word_1_23' title='bbox 759 946 785 977; x_wconf 76' lang='lat' dir='ltr'>ca</span> <span class='ocrx_word' id='word_1_24' title='bbox 793 926 920 994; x_wconf 75' lang='lat' dir='ltr'>dupliciter</span> 
     </span>
     <span class='ocr_line' id='line_1_5' title="bbox 310 1004 921 1073; baseline -0.007 -16"><span class='ocrx_word' id='word_1_25' title='bbox 310 1006 354 1069; x_wconf 65' lang='lat' dir='ltr'>fit,</span> <span class='ocrx_word' id='word_1_26' title='bbox 367 1005 435 1057; x_wconf 85' lang='lat' dir='ltr'>fiant</span> <span class='ocrx_word' id='word_1_27' title='bbox 447 1009 547 1057; x_wconf 82' lang='lat' dir='ltr'>eandem</span> <span class='ocrx_word' id='word_1_28' title='bbox 555 1006 628 1073; x_wconf 85' lang='lat' dir='ltr'>plane</span> <span class='ocrx_word' id='word_1_29' title='bbox 643 1022 696 1054; x_wconf 90' lang='lat' dir='ltr'>rem</span> <span class='ocrx_word' id='word_1_30' title='bbox 708 1004 823 1062; x_wconf 85' lang='lat' dir='ltr'>dicemus,</span> <span class='ocrx_word' id='word_1_31' title='bbox 837 1016 878 1055; x_wconf 89' lang='lat' dir='ltr'>aut</span> <span class='ocrx_word' id='word_1_32' title='bbox 891 1005 921 1053; x_wconf 88' lang='lat' dir='ltr'>de</span> 
     </span>
     <span class='ocr_line' id='line_1_6' title="bbox 316 1082 920 1139; baseline -0.005 -6"><span class='ocrx_word' id='word_1_33' title='bbox 316 1084 401 1133; x_wconf 74' lang='lat' dir='ltr'>cedern</span> <span class='ocrx_word' id='word_1_34' title='bbox 414 1100 449 1133; x_wconf 87' lang='lat' dir='ltr'>re.</span> <span class='ocrx_word' id='word_1_35' title='bbox 470 1083 571 1133; x_wconf 80' lang='lat' dir='ltr'>eandem</span> <span class='ocrx_word' id='word_1_36' title='bbox 584 1100 636 1132; x_wconf 87' lang='lat' dir='ltr'>rem</span> <span class='ocrx_word' id='word_1_37' title='bbox 644 1082 821 1139; x_wconf 83' lang='lat' dir='ltr'>dicemus,&#39;non</span> <span class='ocrx_word' id='word_1_38' title='bbox 835 1083 920 1131; x_wconf 86' lang='lat' dir='ltr'>eodem</span> 
     </span>
     <span class='ocr_line' id='line_1_7' title="bbox 314 1158 922 1228; baseline -0.005 -19"><span class='ocrx_word' id='word_1_39' title='bbox 314 1161 391 1221; x_wconf 81' lang='lat' dir='ltr'>modo</span> <span class='ocrx_word' id='word_1_40' title='bbox 406 1161 475 1223; x_wconf 85' lang='lat' dir='ltr'>(nam</span> <span class='ocrx_word' id='word_1_41' title='bbox 488 1160 512 1209; x_wconf 92' lang='lat' dir='ltr'>id</span> <span class='ocrx_word' id='word_1_42' title='bbox 527 1160 624 1228; x_wconf 87' lang='lat' dir='ltr'>quidem</span> <span class='ocrx_word' id='word_1_43' title='bbox 640 1159 772 1207; x_wconf 91' lang='lat' dir='ltr'>obtundere</span> <span class='ocrx_word' id='word_1_44' title='bbox 785 1158 922 1207; x_wconf 84' lang='lat' dir='ltr'>auditorem</span> 
     </span>
     <span class='ocr_line' id='line_1_8' title="bbox 314 1234 921 1302; baseline -0.007 -15"><span class='ocrx_word' id='word_1_45' title='bbox 314 1237 357 1294; x_wconf 85' lang='lat' dir='ltr'>est,</span> <span class='ocrx_word' id='word_1_46' title='bbox 367 1253 417 1286; x_wconf 90' lang='lat' dir='ltr'>non</span> <span class='ocrx_word' id='word_1_47' title='bbox 426 1253 478 1286; x_wconf 87' lang='lat' dir='ltr'>rem</span> <span class='ocrx_word' id='word_1_48' title='bbox 485 1237 607 1302; x_wconf 83' lang='lat' dir='ltr'>expolire)</span> <span class='ocrx_word' id='word_1_49' title='bbox 621 1234 826 1284; x_wconf 85' lang='lat' dir='ltr'>sedcommutate.</span> <span class='ocrx_word' id='word_1_50' title='bbox 852 1251 921 1284; x_wconf 88' lang='lat' dir='ltr'>com·</span> 
     </span>
     <span class='ocr_line' id='line_1_9' title="bbox 315 1310 921 1378; baseline -0.008 -14"><span class='ocrx_word' id='word_1_51' title='bbox 315 1314 465 1364; x_wconf 80' lang='lat' dir='ltr'>mutabimus</span> <span class='ocrx_word' id='word_1_52' title='bbox 479 1313 613 1378; x_wconf 83' lang='lat' dir='ltr'>tripliciter,</span> <span class='ocrx_word' id='word_1_53' title='bbox 633 1313 712 1362; x_wconf 78' lang='lat' dir='ltr'>verbis</span> <span class='ocrx_word' id='word_1_54' title='bbox 731 1310 921 1377; x_wconf 87' lang='lat' dir='ltr'>pronuntiando,</span> 
     </span>
     <span class='ocr_line' id='line_1_10' title="bbox 316 1386 922 1460; baseline -0.005 -20"><span class='ocrx_word' id='word_1_55' title='bbox 316 1389 453 1453; x_wconf 63' lang='lat' dir='ltr'>uastando.</span> <span class='ocrx_word' id='word_1_56' title='bbox 472 1391 550 1460; x_wconf 76' lang='lat' dir='ltr'>verbis</span> <span class='ocrx_word' id='word_1_57' title='bbox 557 1389 769 1446; x_wconf 83' lang='lat' dir='ltr'>commutabimus,</span> <span class='ocrx_word' id='word_1_58' title='bbox 778 1404 841 1445; x_wconf 85' lang='lat' dir='ltr'>cum,</span> <span class='ocrx_word' id='word_1_59' title='bbox 852 1404 878 1437; x_wconf 90' lang='lat' dir='ltr'>re</span> <span class='ocrx_word' id='word_1_60' title='bbox 886 1386 922 1437; x_wconf 90' lang='lat' dir='ltr'>se·</span> 
     </span>
     <span class='ocr_line' id='line_1_11' title="bbox 317 1463 921 1531; baseline -0.005 -16"><span class='ocrx_word' id='word_1_61' title='bbox 317 1464 368 1515; x_wconf 87' lang='lat' dir='ltr'>mel</span> <span class='ocrx_word' id='word_1_62' title='bbox 376 1466 446 1524; x_wconf 77' lang='lat' dir='ltr'>disia,</span> <span class='ocrx_word' id='word_1_63' title='bbox 453 1467 551 1524; x_wconf 86' lang='lat' dir='ltr'>iterum,</span> <span class='ocrx_word' id='word_1_64' title='bbox 561 1479 602 1515; x_wconf 86' lang='lat' dir='ltr'>aut</span> <span class='ocrx_word' id='word_1_65' title='bbox 609 1464 702 1531; x_wconf 87' lang='lat' dir='ltr'>saepius</span> <span class='ocrx_word' id='word_1_66' title='bbox 710 1463 762 1514; x_wconf 85' lang='lat' dir='ltr'>aliis</span> <span class='ocrx_word' id='word_1_67' title='bbox 772 1465 921 1531; x_wconf 82' lang='lat' dir='ltr'>verbis‚quae</span> 
     </span>
     <span class='ocr_line' id='line_1_12' title="bbox 310 1541 923 1607; baseline -0.002 -15"><span class='ocrx_word' id='word_1_68' title='bbox 310 1542 383 1607; x_wconf 33' lang='lat' dir='ltr'>&#39;idem</span> <span class='ocrx_word' id='word_1_69' title='bbox 395 1543 500 1600; x_wconf 79' lang='lat' dir='ltr'>valeant,</span> <span class='ocrx_word' id='word_1_70' title='bbox 511 1542 592 1592; x_wconf 81' lang='lat' dir='ltr'>eadem</span> <span class='ocrx_word' id='word_1_71' title='bbox 601 1559 640 1592; x_wconf 87' lang='lat' dir='ltr'>res</span> <span class='ocrx_word' id='word_1_72' title='bbox 647 1541 792 1607; x_wconf 77' lang='lat' dir='ltr'>proferetur,</span> <span class='ocrx_word' id='word_1_73' title='bbox 807 1542 855 1590; x_wconf 91' lang='lat' dir='ltr'>hoc</span> <span class='ocrx_word' id='word_1_74' title='bbox 868 1559 923 1591; x_wconf 89' lang='lat' dir='ltr'>mo·</span> 
     </span>
     <span class='ocr_line' id='line_1_13' title="bbox 317 1617 922 1684; baseline 0 -17"><span class='ocrx_word' id='word_1_75' title='bbox 317 1619 365 1668; x_wconf 89' lang='lat' dir='ltr'>do:</span> <span class='ocrx_word' id='word_1_76' title='bbox 387 1618 501 1668; x_wconf 87' lang='lat' dir='ltr'>‘nullum</span> <span class='ocrx_word' id='word_1_77' title='bbox 514 1632 609 1670; x_wconf 85' lang='lat' dir='ltr'>tantum</span> <span class='ocrx_word' id='word_1_78' title='bbox 619 1618 652 1667; x_wconf 83' lang='lat' dir='ltr'>esi</span> <span class='ocrx_word' id='word_1_79' title='bbox 662 1617 805 1683; x_wconf 88' lang='lat' dir='ltr'>periculum,</span> <span class='ocrx_word' id='word_1_80' title='bbox 813 1619 877 1684; x_wconf 86' lang='lat' dir='ltr'>quod</span> <span class='ocrx_word' id='word_1_81' title='bbox 884 1617 922 1667; x_wconf 80' lang='lat' dir='ltr'>sa·</span> 
     </span>
     <span class='ocr_line' id='line_1_14' title="bbox 320 1695 923 1763; baseline 0 -19"><span class='ocrx_word' id='word_1_82' title='bbox 320 1701 327 1723; x_wconf 77' lang='lat'>⁸</span> <span class='ocrx_word' id='word_1_83' title='bbox 336 1698 404 1761; x_wconf 89' lang='lat' dir='ltr'>piens</span> <span class='ocrx_word' id='word_1_84' title='bbox 412 1712 456 1762; x_wconf 85' lang='lat' dir='ltr'>pro</span> <span class='ocrx_word' id='word_1_85' title='bbox 465 1695 539 1745; x_wconf 87' lang='lat' dir='ltr'>salute</span> <span class='ocrx_word' id='word_1_86' title='bbox 549 1697 640 1763; x_wconf 84' lang='lat' dir='ltr'>patriae</span> <span class='ocrx_word' id='word_1_87' title='bbox 648 1696 773 1744; x_wconf 88' lang='lat' dir='ltr'>vitandum</span> <span class='ocrx_word' id='word_1_88' title='bbox 782 1696 923 1744; x_wconf 75' lang='lat' dir='ltr'>arbitretur.</span> 
     </span>
     <span class='ocr_line' id='line_1_15' title="bbox 311 1773 923 1839; baseline -0.002 -17"><span class='ocrx_word' id='word_1_89' title='bbox 311 1777 329 1839; x_wconf 31' lang='lat'>&#39;⁴</span> <span class='ocrx_word' id='word_1_90' title='bbox 339 1789 395 1822; x_wconf 91' lang='lat' dir='ltr'>cum</span> <span class='ocrx_word' id='word_1_91' title='bbox 410 1785 493 1839; x_wconf 84' lang='lat' dir='ltr'>agetur</span> <span class='ocrx_word' id='word_1_92' title='bbox 505 1773 662 1822; x_wconf 82' lang='lat' dir='ltr'>incolumitas</span> <span class='ocrx_word' id='word_1_93' title='bbox 674 1784 790 1838; x_wconf 86' lang='lat' dir='ltr'>perpetua</span> <span class='ocrx_word' id='word_1_94' title='bbox 803 1773 923 1832; x_wconf 74' lang='lat' dir='ltr'>civitatis3</span> 
     </span>
     <span class='ocr_line' id='line_1_16' title="bbox 322 1848 924 1915; baseline 0.003 -18"><span class='ocrx_word' id='word_1_95' title='bbox 322 1855 329 1876; x_wconf 84' lang='lat'>⁸</span> <span class='ocrx_word' id='word_1_96' title='bbox 338 1849 380 1915; x_wconf 89' lang='lat' dir='ltr'>qui</span> <span class='ocrx_word' id='word_1_97' title='bbox 389 1850 459 1898; x_wconf 90' lang='lat' dir='ltr'>bonis</span> <span class='ocrx_word' id='word_1_98' title='bbox 468 1852 512 1899; x_wconf 87' lang='lat' dir='ltr'>crit</span> <span class='ocrx_word' id='word_1_99' title='bbox 524 1849 657 1899; x_wconf 86' lang='lat' dir='ltr'>rationibus</span> <span class='ocrx_word' id='word_1_100' title='bbox 671 1849 800 1913; x_wconf 86' lang='lat' dir='ltr'>praeditus,</span> <span class='ocrx_word' id='word_1_101' title='bbox 814 1848 924 1914; x_wconf 75' lang='lat' dir='ltr'>profesto</span> 
     </span>
     <span class='ocr_line' id='line_1_17' title="bbox 321 1923 926 1991; baseline 0 -17"><span class='ocrx_word' id='word_1_102' title='bbox 321 1923 434 1974; x_wconf 87' lang='lat' dir='ltr'>‘nullum</span> <span class='ocrx_word' id='word_1_103' title='bbox 442 1927 505 1975; x_wconf 84' lang='lat' dir='ltr'>vitae</span> <span class='ocrx_word' id='word_1_104' title='bbox 519 1926 647 1975; x_wconf 86' lang='lat' dir='ltr'>discrimen</span> <span class='ocrx_word' id='word_1_105' title='bbox 656 1925 695 1973; x_wconf 84' lang='lat' dir='ltr'>srbi</span> <span class='ocrx_word' id='word_1_106' title='bbox 702 1942 747 1991; x_wconf 94' lang='lat' dir='ltr'>pro</span> <span class='ocrx_word' id='word_1_107' title='bbox 759 1925 866 1974; x_wconf 85' lang='lat' dir='ltr'>fortunis</span> <span class='ocrx_word' id='word_1_108' title='bbox 879 1925 926 1974; x_wconf 82' lang='lat' dir='ltr'>rei-</span> 
     </span>
     <span class='ocr_line' id='line_1_18' title="bbox 319 2001 926 2068; baseline 0.005 -19"><span class='ocrx_word' id='word_1_109' title='bbox 319 2007 331 2028; x_wconf 84' lang='lat'>⁴</span> <span class='ocrx_word' id='word_1_110' title='bbox 338 2001 445 2066; x_wconf 86' lang='lat' dir='ltr'>publicae</span> <span class='ocrx_word' id='word_1_111' title='bbox 454 2001 597 2068; x_wconf 85' lang='lat' dir='ltr'>fugiendum</span> <span class='ocrx_word' id='word_1_112' title='bbox 605 2002 699 2066; x_wconf 79' lang='lat' dir='ltr'>putabit</span> <span class='ocrx_word' id='word_1_113' title='bbox 707 2020 712 2050; x_wconf 89' lang='lat'>:</span> <span class='ocrx_word' id='word_1_114' title='bbox 721 2004 799 2051; x_wconf 88' lang='lat' dir='ltr'>eterit</span> <span class='ocrx_word' id='word_1_115' title='bbox 809 2003 926 2052; x_wconf 76' lang='lat' dir='ltr'>ineas&#39;en-</span> 
     </span>
     <span class='ocr_line' id='line_1_19' title="bbox 323 2077 926 2145; baseline 0.003 -19"><span class='ocrx_word' id='word_1_116' title='bbox 323 2083 330 2105; x_wconf 85' lang='lat'><strong>‘</strong></span> <span class='ocrx_word' id='word_1_117' title='bbox 342 2080 417 2127; x_wconf 87' lang='lat' dir='ltr'>tentia</span> <span class='ocrx_word' id='word_1_118' title='bbox 429 2077 530 2145; x_wconf 83' lang='lat' dir='ltr'>semper,</span> <span class='ocrx_word' id='word_1_119' title='bbox 541 2093 568 2129; x_wconf 89' lang='lat' dir='ltr'>ut</span> <span class='ocrx_word' id='word_1_120' title='bbox 576 2096 623 2144; x_wconf 89' lang='lat' dir='ltr'>pro</span> <span class='ocrx_word' id='word_1_121' title='bbox 633 2080 714 2143; x_wconf 86' lang='lat' dir='ltr'>patria</span> <span class='ocrx_word' id='word_1_122' title='bbox 729 2078 827 2129; x_wconf 87' lang='lat' dir='ltr'>studiose</span> <span class='ocrx_word' id='word_1_123' title='bbox 840 2096 926 2145; x_wconf 85' lang='lat' dir='ltr'>quam-</span> 
     </span>
     <span class='ocr_line' id='line_1_20' title="bbox 322 2155 927 2221; baseline 0.003 -17"><span class='ocrx_word' id='word_1_124' title='bbox 322 2156 416 2204; x_wconf 81' lang='lat' dir='ltr'>‘visin</span> <span class='ocrx_word' id='word_1_125' title='bbox 431 2173 544 2221; x_wconf 86' lang='lat' dir='ltr'>magnam</span> <span class='ocrx_word' id='word_1_126' title='bbox 560 2155 688 2204; x_wconf 85' lang='lat' dir='ltr'>descendat</span> <span class='ocrx_word' id='word_1_127' title='bbox 708 2156 771 2204; x_wconf 75' lang='lat' dir='ltr'>vitae</span> <span class='ocrx_word' id='word_1_128' title='bbox 792 2155 927 2207; x_wconf 86' lang='lat' dir='ltr'>dimicatio-</span> 
     </span>
     <span class='ocr_line' id='line_1_21' title="bbox 323 2231 927 2302; baseline 0.002 -21"><span class='ocrx_word' id='word_1_129' title='bbox 323 2234 600 2302; x_wconf 79' lang='lat' dir='ltr'>‘ncm.&#39;pronuntiando</span> <span class='ocrx_word' id='word_1_130' title='bbox 607 2231 894 2289; x_wconf 80' lang='lat' dir='ltr'>commutabimus,srtunr</span> <span class='ocrx_word' id='word_1_131' title='bbox 901 2237 927 2282; x_wconf 91' lang='lat' dir='ltr'>in</span> 
     </span>
     <span class='ocr_line' id='line_1_22' title="bbox 322 2308 928 2375; baseline 0 -17"><span class='ocrx_word' id='word_1_132' title='bbox 322 2308 443 2368; x_wconf 86' lang='lat' dir='ltr'>sermone,</span> <span class='ocrx_word' id='word_1_133' title='bbox 457 2321 508 2358; x_wconf 87' lang='lat' dir='ltr'>tum</span> <span class='ocrx_word' id='word_1_134' title='bbox 523 2312 548 2358; x_wconf 90' lang='lat' dir='ltr'>in</span> <span class='ocrx_word' id='word_1_135' title='bbox 557 2310 696 2364; x_wconf 81' lang='lat' dir='ltr'>acrimonia,</span> <span class='ocrx_word' id='word_1_136' title='bbox 705 2319 756 2357; x_wconf 84' lang='lat' dir='ltr'>turn</span> <span class='ocrx_word' id='word_1_137' title='bbox 766 2311 791 2358; x_wconf 92' lang='lat' dir='ltr'>in</span> <span class='ocrx_word' id='word_1_138' title='bbox 800 2308 847 2357; x_wconf 84' lang='lat' dir='ltr'>alio</span> <span class='ocrx_word' id='word_1_139' title='bbox 858 2322 928 2375; x_wconf 83' lang='lat' dir='ltr'>atque</span> 
     </span>
     <span class='ocr_line' id='line_1_23' title="bbox 321 2385 930 2453; baseline -0.003 -17"><span class='ocrx_word' id='word_1_140' title='bbox 321 2385 369 2436; x_wconf 82' lang='lat' dir='ltr'>aiio</span> <span class='ocrx_word' id='word_1_141' title='bbox 377 2403 464 2452; x_wconf 82' lang='lat' dir='ltr'>genere</span> <span class='ocrx_word' id='word_1_142' title='bbox 475 2388 550 2444; x_wconf 91' lang='lat' dir='ltr'>vocis,</span> <span class='ocrx_word' id='word_1_143' title='bbox 567 2399 638 2453; x_wconf 87' lang='lat' dir='ltr'>atque</span> <span class='ocrx_word' id='word_1_144' title='bbox 650 2385 737 2452; x_wconf 84' lang='lat' dir='ltr'>gestus,</span> <span class='ocrx_word' id='word_1_145' title='bbox 756 2386 840 2434; x_wconf 87' lang='lat' dir='ltr'>eadem</span> <span class='ocrx_word' id='word_1_146' title='bbox 850 2390 930 2436; x_wconf 77' lang='lat' dir='ltr'>verbis</span> 
     </span>
     <span class='ocr_line' id='line_1_24' title="bbox 322 2458 929 2528; baseline 0.003 -16"><span class='ocrx_word' id='word_1_147' title='bbox 322 2463 503 2520; x_wconf 78' lang='lat' dir='ltr'>commutando¹</span> <span class='ocrx_word' id='word_1_148' title='bbox 525 2458 724 2528; x_wconf 82' lang='lat' dir='ltr'>pronuntiatione</span> <span class='ocrx_word' id='word_1_149' title='bbox 739 2479 834 2528; x_wconf 84' lang='lat' dir='ltr'>quoque</span> <span class='ocrx_word' id='word_1_150' title='bbox 855 2466 929 2514; x_wconf 85' lang='lat' dir='ltr'>vehe-</span> 
     </span>
     <span class='ocr_line' id='line_1_25' title="bbox 321 2539 930 2605; baseline 0.002 -15"><span class='ocrx_word' id='word_1_151' title='bbox 321 2539 430 2590; x_wconf 89' lang='lat' dir='ltr'>mentius</span> <span class='ocrx_word' id='word_1_152' title='bbox 438 2539 629 2588; x_wconf 89' lang='lat' dir='ltr'>immutabimus.</span> <span class='ocrx_word' id='word_1_153' title='bbox 643 2539 691 2588; x_wconf 92' lang='lat' dir='ltr'>hoc</span> <span class='ocrx_word' id='word_1_154' title='bbox 700 2555 778 2605; x_wconf 89' lang='lat' dir='ltr'>neque</span> <span class='ocrx_word' id='word_1_155' title='bbox 787 2542 930 2590; x_wconf 84' lang='lat' dir='ltr'>commodis·</span> 
     </span>
     <span class='ocr_line' id='line_1_26' title="bbox 322 2614 929 2682; baseline -0.002 -15"><span class='ocrx_word' id='word_1_156' title='bbox 322 2617 380 2667; x_wconf 74' lang='lat' dir='ltr'>sime</span> <span class='ocrx_word' id='word_1_157' title='bbox 394 2614 462 2663; x_wconf 89' lang='lat' dir='ltr'>scribi</span> <span class='ocrx_word' id='word_1_158' title='bbox 476 2616 560 2681; x_wconf 86' lang='lat' dir='ltr'>potest,</span> <span class='ocrx_word' id='word_1_159' title='bbox 573 2632 652 2682; x_wconf 86' lang='lat' dir='ltr'>neque</span> <span class='ocrx_word' id='word_1_160' title='bbox 662 2632 747 2680; x_wconf 82' lang='lat' dir='ltr'>parurn</span> <span class='ocrx_word' id='word_1_161' title='bbox 760 2615 792 2664; x_wconf 84' lang='lat' dir='ltr'>est</span> <span class='ocrx_word' id='word_1_162' title='bbox 801 2628 929 2680; x_wconf 78' lang='lat' dir='ltr'>apertum:</span> 
     </span>
     <span class='ocr_line' id='line_1_27' title="bbox 323 2693 933 2760; baseline 0.005 -17"><span class='ocrx_word' id='word_1_163' title='bbox 323 2709 398 2760; x_wconf 86' lang='lat' dir='ltr'>quare</span> <span class='ocrx_word' id='word_1_164' title='bbox 412 2708 461 2739; x_wconf 94' lang='lat' dir='ltr'>non</span> <span class='ocrx_word' id='word_1_165' title='bbox 479 2705 534 2759; x_wconf 88' lang='lat' dir='ltr'>eget</span> <span class='ocrx_word' id='word_1_166' title='bbox 547 2693 663 2758; x_wconf 83' lang='lat' dir='ltr'>exempli.</span> <span class='ocrx_word' id='word_1_167' title='bbox 686 2694 785 2742; x_wconf 89' lang='lat' dir='ltr'>tertium</span> <span class='ocrx_word' id='word_1_168' title='bbox 806 2711 883 2759; x_wconf 84' lang='lat' dir='ltr'>genus</span> <span class='ocrx_word' id='word_1_169' title='bbox 899 2697 933 2745; x_wconf 90' lang='lat' dir='ltr'>est</span> 
     </span>
     <span class='ocr_line' id='line_1_28' title="bbox 324 2769 933 2835; baseline 0.003 -15"><span class='ocrx_word' id='word_1_170' title='bbox 324 2769 532 2828; x_wconf 82' lang='lat' dir='ltr'>commutationis,</span> <span class='ocrx_word' id='word_1_171' title='bbox 545 2771 609 2835; x_wconf 80' lang='lat' dir='ltr'>quod</span> <span class='ocrx_word' id='word_1_172' title='bbox 622 2771 747 2820; x_wconf 73' lang='lat' dir='ltr'>tractando</span> <span class='ocrx_word' id='word_1_173' title='bbox 763 2770 896 2831; x_wconf 85' lang='lat' dir='ltr'>conficitur,</span> <span class='ocrx_word' id='word_1_174' title='bbox 916 2773 933 2822; x_wconf 86' lang='lat' dir='ltr'>sr</span> 
     </span>
     <span class='ocr_line' id='line_1_29' title="bbox 324 2846 933 2912; baseline 0.003 -15"><span class='ocrx_word' id='word_1_175' title='bbox 324 2846 468 2898; x_wconf 80' lang='lat' dir='ltr'>sententiam</span> <span class='ocrx_word' id='word_1_176' title='bbox 481 2848 635 2912; x_wconf 70' lang='lat' dir='ltr'>trajicimus,</span> <span class='ocrx_word' id='word_1_177' title='bbox 649 2858 690 2895; x_wconf 79' lang='lat' dir='ltr'>eut</span> <span class='ocrx_word' id='word_1_178' title='bbox 709 2846 738 2896; x_wconf 85' lang='lat' dir='ltr'>ad</span> <span class='ocrx_word' id='word_1_179' title='bbox 750 2847 933 2899; x_wconf 75' lang='lat' dir='ltr'>sermocinatio-</span> 
     </span>
     <span class='ocr_line' id='line_1_30' title="bbox 286 2924 932 2986; baseline -0.002 -11"><span class='ocrx_word' id='word_1_180' title='bbox 286 2928 315 2975; x_wconf 81' lang='lat'>4³</span> <span class='ocrx_word' id='word_1_181' title='bbox 325 2945 391 2986; x_wconf 88' lang='lat' dir='ltr'>nem,</span> <span class='ocrx_word' id='word_1_182' title='bbox 405 2934 446 2973; x_wconf 86' lang='lat' dir='ltr'>aut</span> <span class='ocrx_word' id='word_1_183' title='bbox 460 2925 488 2976; x_wconf 84' lang='lat' dir='ltr'>ad</span> <span class='ocrx_word' id='word_1_184' title='bbox 501 2924 721 2974; x_wconf 71' lang='lat' dir='ltr'>exsuscitationem.</span> <span class='ocrx_word' id='word_1_185' title='bbox 782 2929 932 2974; x_wconf 82' lang='lat' dir='ltr'>sermocine-</span> 
     </span>
     <span class='ocr_line' id='line_1_31' title="bbox 325 2996 953 3081; baseline -0.029 -28"><span class='ocrx_word' id='word_1_186' title='bbox 325 3006 360 3054; x_wconf 92' lang='lat' dir='ltr'>tio</span> <span class='ocrx_word' id='word_1_187' title='bbox 368 3005 407 3060; x_wconf 85' lang='lat' dir='ltr'>est.</span> <span class='ocrx_word' id='word_1_188' title='bbox 429 2999 472 3064; x_wconf 74' lang='lat' dir='ltr'>(de</span> <span class='ocrx_word' id='word_1_189' title='bbox 481 3021 529 3074; x_wconf 85' lang='lat' dir='ltr'>qua</span> <span class='ocrx_word' id='word_1_190' title='bbox 537 3002 723 3070; x_wconf 66' lang='lat' dir='ltr'>pinniutpanio</span> <span class='ocrx_word' id='word_1_191' title='bbox 732 2997 914 3064; x_wconf 53' lang='lat' dir='ltr'>pomponam</span> <span class='ocrx_word' id='word_1_192' title='bbox 920 2996 953 3081; x_wconf 51' lang='lat' dir='ltr'>‘ex‘-</span> 
     </span>
     <span class='ocr_line' id='line_1_32' title="bbox 304 3061 942 3155; baseline -0.022 -24"><span class='ocrx_word' id='word_1_193' title='bbox 304 3097 423 3144; x_wconf 70' lang='lat' dir='ltr'>‚cemus;</span> <span class='ocrx_word' id='word_1_194' title='bbox 443 3097 516 3138; x_wconf 90' lang='lat' dir='ltr'>nunc</span> <span class='ocrx_word' id='word_1_195' title='bbox 523 3083 641 3137; x_wconf 84' lang='lat' dir='ltr'>breuiter</span> <span class='ocrx_word' id='word_1_196' title='bbox 653 3070 686 3128; x_wconf 75' lang='lat' dir='ltr'>at</span> <span class='ocrx_word' id='word_1_197' title='bbox 693 3079 857 3155; x_wconf 18' lang='lat' dir='ltr'>manentem„</span> <span class='ocrx_word' id='word_1_198' title='bbox 868 3061 942 3122; x_wconf 59' lang='lat' dir='ltr'>0an</span> 
     </span>
     <span class='ocr_line' id='line_1_33' title="bbox 432 3158 721 3205; baseline 0 0"><span class='ocrx_word' id='word_1_199' title='bbox 432 3158 435 3165; x_wconf 88' lang='lat'>&#39;</span> <span class='ocrx_word' id='word_1_200' title='bbox 630 3165 635 3172; x_wconf 94' lang='grc'><em>“</em></span> <span class='ocrx_word' id='word_1_201' title='bbox 692 3159 721 3205; x_wconf 70' lang='lat' dir='ltr'>G</span> 
     </span>
     <span class='ocr_line' id='line_1_34' title="bbox 441 3188 462 3228; baseline 0 -7"><span class='ocrx_word' id='word_1_202' title='bbox 441 3188 462 3228; x_wconf 58' lang='lat' dir='ltr'>e</span> 
     </span>
    </p>
   </div>
   <div class='ocr_carea' id='block_1_3' title="bbox 0 0 1238 3609">
    <p class='ocr_par' dir='ltr' id='par_1_3' title="bbox 0 0 1238 3609">
     <span class='ocr_line' id='line_1_35' title="bbox 0 0 1238 3609; baseline 0 0"><span class='ocrx_word' id='word_1_203' title='bbox 0 0 1238 3609; x_wconf 95' lang='lat' dir='ltr'> </span> 
     </span>
    </p>
   </div>
  </div>
 </body>
</html>
