2442 3609
370 625 426 679 AD
444 624 717 678 HERENNIUM
738 640 796 679 uro.
809 640 844 678 rr.
880 600 918 696 ap

275 782 278 789 ,
309 724 339 777 iu
355 738 418 789 quoa
434 721 527 773 crimen
548 718 725 783 transferetur3
745 738 806 783 rem,
827 719 919 780 locum.

312 813 411 866 tempus
425 812 481 850 onte
495 799 580 850 oeulos
590 811 674 865 ponet,
686 811 714 849 ut
723 799 749 857 ii,
761 800 803 866 qui
812 799 920 857 audient.

311 877 453 929 existiment
471 889 514 927 out
529 895 580 928 non
601 874 711 943 potentie,
727 888 770 926 eut
786 894 838 926 non
851 875 921 926 fuiil'e

273 970 300 1014 1⁶
313 954 375 1006 utile
387 971 440 1005 reru
448 955 598 1021 injudicinm
606 955 700 1006 venire.
742 954 867 1005 Couoeffio
877 954 918 1013 est,

312 1050 358 1100 per
369 1049 442 1100 quam
452 1032 523 1082 nobis
531 1032 625 1100 ignosci
634 1031 792 1098 postulamus.
812 1049 841 1083 ea
857 1031 920 1081 divi·

313 1106 379 1162 ditur
387 1112 412 1160 iu
422 1110 603 1177 purgetiouem,
608 1122 634 1160 et
644 1110 848 1176 deprecationem.
861 1124 920 1173 pur·

313 1188 381 1257 gotio
390 1187 432 1246 est.
452 1204 507 1237 cum
520 1186 632 1238 consulto
642 1186 833 1257 anobiufestum
846 1202 922 1254 nega·

314 1281 381 1315 mue.
400 1281 428 1314 ea
445 1263 561 1315 dividitur
571 1266 600 1315 in
618 1263 821 1320 neceffitudinem,
841 1262 921 1312 fortu-

314 1358 382 1400 nam,
391 1341 590 1407 imprudentiam.
606 1342 636 1391 de
646 1342 685 1392 hie
695 1342 803 1408 primum
813 1340 923 1406 partibus

315 1418 489 1470 ostendendum
506 1418 556 1482 est;
575 1418 663 1469 deinde
677 1418 707 1468 ed
725 1418 922 1484 deprecationem

315 1495 486 1548 revertendum
492 1495 597 1547 videtur.
609 1497 717 1562 primum
725 1492 923 1545 considerandum

315 1574 443 1634 est‚utrum
452 1589 495 1639 per
503 1573 600 1640 eulpam
608 1585 715 1624 ventum
724 1571 752 1622 fit
761 1573 787 1622 iu
796 1570 921 1621 ueceffitu·

317 1653 406 1711 dinem,
426 1668 487 1701 num
500 1652 596 1719 culpam
606 1650 720 1701 veniendi
730 1649 874 1700 neceffitudo
884 1647 922 1697 se·

317 1731 387 1781 terit.
399 1728 485 1778 deinde
495 1728 658 1793 quaerendum
665 1728 706 1784 est,
716 1743 793 1792 ecquo
803 1727 874 1776 modo
882 1725 921 1775 vis

316 1806 564 1871 iliavicaripotuerit,
584 1822 612 1855 ac
625 1803 710 1857 levari.
730 1804 815 1853 deinde
831 1806 860 1860 is,
878 1803 922 1868 qui

316 1882 542 1933 inneceffitudinem
551 1881 645 1931 causam
653 1879 771 1940 conferet,
779 1879 923 1945 expertusne

319 1960 356 2019 sit,
366 1959 424 2028 quid
435 1959 617 2017 contrafacere,
635 1969 677 2008 aut
689 1959 827 2025 excogitare
838 1953 923 2022 puiset.

319 2037 407 2088 deinde
415 2053 475 2086 num
486 2053 548 2104 quae
558 2035 702 2102 suspiciones
719 2050 751 2084 ex
767 2030 925 2098 conjeeiurali

317 2115 490 2166 constitutione
499 2115 563 2164 trahi
573 2112 737 2180 poifiue,quae
746 2111 887 2178 fignificeut,
897 2110 923 2159 id

318 2191 429 2244 consulto
438 2192 529 2241 sadum
540 2189 593 2251 effe,
603 2191 669 2257 quod
679 2187 806 2240 neceffario
816 2184 924 2239 accidisse

317 2270 415 2321 dicitur.
434 2269 521 2320 deinde
539 2269 557 2319 fi
574 2269 682 2321 maxime
695 2266 839 2318 neceffitudo
849 2282 923 2331 quae-

318 2348 385 2413 piam
394 2347 477 2404 fuerit,
486 2347 649 2397 conveniatne
667 2362 722 2394 eam
738 2344 794 2393 satis
810 2344 924 2392 idoneam

319 2423 413 2473 ceusm
425 2423 514 2488 putari.
544 2423 561 2471 sr
572 2433 653 2471 autem
664 2419 826 2486 imprudentia
836 2434 891 2466 rcus
901 2416 924 2466 se

319 2498 423 2564 peccam
435 2499 506 2557 dicet,
518 2499 626 2565 primum
633 2509 770 2564 quaeretur,
783 2508 864 2543 utrum
879 2510 929 2558 pos

319 2577 397 2625 tuerit
405 2575 471 2633 scire,
491 2591 522 2624 an
535 2590 586 2623 non
597 2576 714 2640 potuerit.
733 2571 826 2630 deinde,
838 2584 924 2621 utrurn

320 2652 378 2702 data
387 2652 501 2717 fitopera,
512 2662 540 2700 nt
548 2651 657 2711 sciretur,
671 2668 701 2702 cn
709 2667 770 2700 nou.
791 2649 882 2706 deiude,
893 2665 922 2697 u·

318 2741 387 2780 eruin
406 2730 460 2780 casu
477 2728 595 2787 nescierit,
616 2746 647 2779 en
669 2728 751 2795 culpa.
770 2743 827 2776 nurn
844 2724 923 2792 quise

318 2821 420 2874 propter
429 2809 523 2864 vinum,
537 2818 704 2866 anteriorem,
715 2817 756 2855 aut
765 2804 923 2860 iracundiam,

319 2883 405 2953 fugiss'e
414 2886 534 2935 rationem
545 2885 617 2943 dicet,
636 2886 657 2934 is
673 2884 750 2935 animi
763 2882 928 2932 vitineiden'x-

319 2972 360 3011 tur
366 2960 472 3023 uesn'ise,
481 2980 533 3014 nnn
543 2962 730 3032 imprudentia.
749 2952 957 3026 numm-m?

306 3017 958 3110 mondefenmeueonmfflw
