2442 3609
242 276 991 633 —

549 658 685 717 LIBER
707 658 883 715 PRIMUS.
986 697 991 717 i

425 756 459 819 τό
474 755 561 837 potest
574 756 709 817 accidere.
732 777 766 824 ac,
778 753 841 815 sunt
852 756 904 815 alia
915 776 991 835 quoq

423 859 567 925 praecepta
577 845 770 923 partitionum,
781 862 851 921 quae
861 841 897 901 ad
908 846 981 903 hunc

423 929 483 989 sum
492 932 645 988 oratorium
653 951 713 989 non
722 945 866 1007 tantopere
875 930 991 1009 pertinet

423 1035 495 1095 quae
502 1013 644 1075 versantur
650 1017 681 1075 in
690 1012 991 1095 Philosophia,exquib

423 1107 490 1162 haec
504 1100 561 1180 ipsa
574 1100 772 1176 ttanstniimus,
791 1120 862 1180 quae
877 1103 991 1161 conveni

424 1188 605 1248 videbantur:
619 1207 738 1265 quorum
746 1187 815 1245 nihil
823 1188 991 1247 incaeteris:

424 1275 500 1333 tibus
512 1275 732 1332 inveniebamus.
755 1287 836 1349 utque
847 1274 890 1330 his
903 1272 936 1331 de
948 1294 991 1353 pot

428 1362 507 1417 tione
512 1360 676 1434 praeceptis,
686 1359 717 1413 in
725 1358 803 1415 omni
811 1354 931 1415 dictione
939 1378 991 1417 met

431 1439 501 1502 nisse
508 1441 695 1519 oportebit,ut
702 1454 731 1497 et
737 1441 825 1518 prima
832 1459 956 1518 quaeque
964 1463 991 1519 pn

431 1544 465 1588 ut
479 1523 606 1606 expofita
621 1523 658 1583 est
672 1527 703 1584 in
718 1525 879 1605 partitione,
891 1523 927 1586 fic
942 1526 991 1585 ord

428 1612 609 1691 transigatur:
630 1627 658 1671 et
666 1613 795 1673 omnibus
804 1612 991 1695 explicatis,p

427 1719 538 1764 oratum
546 1698 588 1775 sit,
604 1702 660 1759 hoc
671 1699 767 1776 modo,
784 1716 815 1758 ut
826 1700 937 1781 nequid
944 1704 991 1782 poi

425 1792 483 1851 rius
493 1804 600 1869 praeter
608 1786 812 1846 conclusionem
819 1788 964 1847 inferatur.
974 1811 991 1869 p

310 1912 323 1933 ·‚
425 1879 496 1936 titur
515 1874 587 1955 apud
602 1876 770 1933 Terentium
782 1876 901 1935 breviter
916 1891 943 1932 et
958 1897 991 1934 co

426 1960 511 2023 mode
526 1959 609 2018 senex
620 1962 650 2018 in
660 1960 777 2035 Andria,
790 1981 860 2040 quae
868 1961 991 2037 cognosci

428 2047 560 2107 libertum
567 2045 650 2106 velit:

453 2139 496 2192 Eo
507 2135 599 2212 pasto,
611 2147 639 2190 et
649 2132 727 2210 gnati
739 2132 836 2209 vitam,
848 2148 877 2192 et
892 2132 991 2194 consilii

467 2246 470 2251 ·
496 2240 587 2278 meum

453 2303 622 2382 Cognosces,
634 2321 672 2382 et,
685 2303 755 2386 quid¹
767 2304 855 2366 facere
867 2307 991 2368 inhaere

496 2392 589 2451 velim.
862 2392 864 2397 ’

430 2480 524 2556 itaque
533 2477 764 2557 quemadmodum
772 2480 802 2539 in
810 2481 960 2560 partitIone
969 2503 991 2560 p:

431 2562 535 2645 posuit,
547 2568 585 2621 ita
596 2582 702 2637 narrat,
714 2567 831 2643 primum
848 2569 924 2643 gnati
933 2569 991 2624 vita

457 2658 529 2710 Nam
545 2651 569 2707 is
584 2649 728 2729 postquam
742 2652 850 2710 excessit
861 2674 898 2710 cx
914 2654 991 2728 ephes

501 2743 517 2793 S
539 2733 574 2793 sta

455 2756 903 2902 Libciius'vivendifuitpotestas.

431 2902 533 2967 'deinde
541 2907 618 2967 suum
627 2906 789 2973 confilium:
801 2909 809 2942 ‘
822 2907 991 2973 etnunc'tn·

422 2994 506 3069 fram
515 2994 579 3059 do.'
593 2996 991 3087 deindequidSosmmuein

710 3102 737 3160 C
769 3119 790 3184 3
