2442 3609
432 762 571 821 nruun
591 764 774 825 omnus.
888 782 911 843 9

303 856 911 941 quodamtemporenequeinpublicirrebut

300 945 425 1007 infantes
439 962 469 1007 et
486 945 645 1028 infipientet
664 950 791 1009 homines
811 948 908 1011 solitos

300 1030 475 1107 effeveisari,
487 1053 539 1092 nec
552 1051 621 1093 vero
632 1032 666 1093 td
679 1033 798 1113 privatas
814 1034 907 1097 causat

300 1138 421 1195 magnos
436 1138 470 1178 irc
487 1116 605 1178 disertos
620 1121 746 1178 homines
762 1122 904 1183 medem

301 1200 346 1263 sod
354 1226 441 1264 cuma
452 1203 564 1263 summis
579 1207 647 1265 viria
663 1208 798 1265 maximoe
805 1227 849 1265 rea
858 1208 906 1267 rd-

256 1290 260 1298 '
301 1288 532 1365 ministrarentur,
543 1293 663 1351 arbitror
674 1292 744 1351 alios
757 1290 833 1352 finisse
844 1313 905 1353 non

299 1376 450 1445 incallidos
464 1380 604 1452 homines,
619 1380 668 1456 qui
680 1377 714 1438 id
727 1398 826 1457 parvas
837 1399 906 1438 con·

299 1462 449 1522 troverfias
465 1466 639 1542 privatomm
650 1464 819 1522 accederent.
844 1466 906 1541 qui·

299 1550 356 1608 bus
363 1550 395 1606 in
403 1546 601 1607 controversiis
611 1568 674 1608 cum
682 1547 761 1626 saepe
773 1549 909 1607 emenda·

299 1637 345 1695 cio
353 1651 457 1695 contra
464 1655 560 1694 verum
571 1635 701 1693 homines
710 1630 909 1693 stareconsues·

299 1738 406 1796 cerent,
419 1721 529 1781 dicendi
537 1721 671 1779 assiduitas
680 1720 747 1779 aluit
754 1719 906 1796 audaciam,

300 1824 332 1868 ut
337 1807 487 1869 necessario
495 1806 649 1887 superiores
660 1807 700 1867 illi
708 1823 821 1888 propter
829 1809 904 1885 inju-

297 1896 352 1956 rias
360 1896 465 1955 civium
474 1893 594 1953 resistere
605 1893 764 1970 audacibus,
775 1910 804 1953 et
811 1896 904 1973 opint-

297 1981 351 2041 lari
365 1980 545 2061 suisquisque
556 1981 710 2040 necessariis
726 1996 902 2059 cogerentur.

298 2070 395 2146 itaque
410 2087 474 2125 cuin
487 2069 519 2125 in
534 2066 653 2126 dicendo
669 2066 746 2145 saepe
757 2088 817 2146 par,
829 2089 903 2125 non·

297 2173 447 2232 nunquam
459 2155 542 2212 etiam
558 2149 681 2231 superior
695 2150 768 2212 visus
789 2151 852 2213 esset
867 2155 903 2227 is,

296 2243 358 2321 qui,
378 2236 478 2299 omisso
494 2238 581 2297 studio
596 2237 755 2319 sapientiae,
774 2240 843 2297 nihil
857 2237 904 2299 fibi

296 2345 404 2409 praeter
412 2325 602 2404 eloquentiam
609 2322 800 2402 comparasset,
811 2324 904 2398 fiebat,

298 2429 363 2474 uret
373 2412 562 2473 multitudinis
572 2426 602 2468 et
612 2409 662 2471 suo
672 2411 779 2488 judicio
791 2409 902 2486 dignus,

298 2503 347 2581 qui
354 2498 552 2577 rempublicam
560 2496 825 2574 gereret,videretur.
839 2497 903 2555 hinc

298 2588 431 2651 nimirum
439 2605 499 2643 non
506 2584 685 2659 injuria,cum
693 2582 726 2640 ud
734 2584 903 2659 gubernacu-

296 2672 326 2733 la
344 2670 505 2750 reipublicae
524 2671 660 2731 temerarii
685 2683 768 2745 atque
787 2666 903 2725 audaces

297 2760 426 2819 homines
434 2754 609 2829 accesserant,
620 2757 740 2813 maxima
749 2774 781 2809 ac
789 2749 904 2809 miserri-

298 2867 345 2907 ma
355 2842 498 2918 naufragia
505 2842 617 2899 fiebant.
641 2841 742 2917 quibus
755 2839 835 2893 rebus
843 2853 905 2893 tun·

297 2948 358 2993 tum
366 2928 426 2989 odii
433 2942 517 3005 atque
524 2927 645 2984 invidiae
653 2922 767 3001 suscepit
775 2919 906 2999 eloquen-

298 3020 349 3092 tia,
359 3030 392 3075 ut
405 3016 533 3073 homines
549 3009 780 3097 ingeniosissimi,
795 3008 933 3095 quasicit

285 3102 378 3185 aliqua
393 3100 509 3167 turbida
522 3106 700 3199 tempestate¹
708 3110 743 3173 in
751 3096 957 3197 potumim-
