2442 3609
337 703 392 754 nn
414 680 684 754 nean-:nusum
705 715 813 752 mn.
849 719 880 764 ς,

289 796 461 846 (ἓιι-ωοὴυίε
470 795 688 861 iocabasnuptiisi·
703 794 763 845 duxi
769 796 885 861 probum.

283 872 398 923 nimi:
414 874 465 940 post
472 875 585 942 cognovi.
595 886 621 922 et
630 871 699 939 fugio
707 873 844 940 cognitum.

272 949 882 1017 ergnreprehenfiohujnoconclufionisduplexesh

273 1026 420 1078 acutiorillo
429 1029 545 1095 supeiion,
559 1026 653 1078 fecilior
662 1028 724 1077 haec
731 1027 846 1093 posterior
854 1027 883 1076 ad

230 1128 246 1163 2
252 1127 264 1172 5
277 1105 478 1172 exooginndum‘
515 1110 579 1155 Item
587 1105 673 1155 vitiosa
680 1104 712 1153 esi
730 1105 884 1155 confirmatio

277 1182 389 1240 rationis,
404 1199 460 1233 eum
469 1200 497 1233 ea
505 1200 599 1250 requae
608 1181 679 1248 plura
688 1180 813 1248 fignificat,
826 1183 885 1232 ebu-

275 1259 352 1308 timur
365 1276 410 1324 pro
426 1273 493 1310 certo
507 1262 579 1310 unium
594 1260 630 1309 rei
643 1258 719 1324 figno,
731 1258 779 1307 hoc
793 1260 883 1308 modo:

277 1343 284 1364 ⁸
295 1334 433 1396 neeesseess,
448 1338 564 1404 quoniam
574 1335 657 1403 pailet.
666 1334 794 1402 aegrotasse
805 1338 884 1394 :’-aut,

276 1410 382 1464 *necesse
396 1413 430 1463 est
444 1412 565 1481 peperisse,
580 1412 695 1480 quonium
718 1413 816 1462 sustinet
824 1429 885 1478 pue-

275 1498 349 1540 ‘rum
358 1490 500 1541 infantem)
519 1509 575 1541 nam
588 1491 648 1539 haec
665 1493 706 1540 sua
720 1490 805 1556 sponte
819 1502 884 1540 certo

277 1567 343 1634 figna
351 1586 401 1618 non
411 1569 508 1626 habent,
528 1569 601 1618 finon
611 1579 706 1617 caetera
713 1584 809 1634 quoque
817 1566 882 1618 fimi·

275 1645 473 1697 linconcurrant.
494 1648 560 1713 quod
575 1647 592 1695 fi
605 1646 782 1702 concurrerint,
792 1646 882 1695 nonni-

275 1722 313 1771 hil
334 1723 472 1790 hujusmodi
491 1723 556 1791 figna
573 1726 694 1789 adaugent
714 1723 881 1788 suspicionem.

275 1800 335 1849 item
343 1803 456 1851 vitiosum
465 1802 505 1859 est,
513 1819 568 1850 cum
577 1800 616 1851 vel
624 1802 648 1848 in
660 1799 782 1858 aliumvel
791 1803 816 1849 in
824 1792 885 1850 eum'

277 1876 364 1941 ipsum,
379 1880 421 1945 qui
429 1878 494 1935 dicit,
505 1878 536 1936 id,
544 1878 607 1943 quod
616 1878 641 1926 in
649 1876 809 1926 adversarium
823 1878 881 1927 dici-

277 1965 326 2011 tur,
342 1955 561 2018 potestconvenire,
581 1954 726 2003 hocmodo:

296 2029 380 2081 Miseri
388 2031 451 2090 sunt,
459 2033 502 2098 qui
509 2047 597 2082 uxores
604 2031 696 2081 ducunt
706 2048 712 2079 :
727 2043 753 2079 at
762 2043 789 2080 tu
796 2030 883 2082 duxisti

333 2107 443 2158 alteram.

274 2186 335 2234 item
351 2186 464 2236 vitiosum
478 2187 511 2236 est
531 2187 564 2246 id,
582 2187 647 2254 quod
662 2184 788 2252 vulgarem
808 2187 882 2237 habet

275 2261 447 2321 defensionem,
461 2265 508 2313 hoc
517 2267 588 2314 modo
599 2283 604 2314 :
628 2274 633 2292 ¹
643 2263 882 2315 iracundiaindunus

275 2343 409 2403 ‘peccavit‚
428 2354 469 2390 aut
477 2342 644 2398 adolescentia,
661 2343 815 2391 autnmore)
834 2342 881 2391 hu-

274 2416 405 2479 juscemodi
422 2419 486 2465 enim
509 2420 687 2484 deprecationes
705 2417 721 2466 fi
743 2419 881 2481 probabun-

277 2505 326 2547 tur,
335 2492 433 2556 impune
442 2497 548 2542 maxima
556 2505 653 2559 peccata
660 2493 806 2542 dilabentur.
821 2495 882 2546 item

276 2567 389 2616 uitiosum
408 2569 447 2626 est,
463 2586 518 2619 cum
528 2572 552 2619 id
561 2588 604 2636 pro
613 2583 680 2619 certo
692 2569 802 2629 sumitur,
818 2573 884 2637 quod

277 2648 341 2693 inter
350 2662 493 2695 omnesnon
507 2648 605 2706 constat,
621 2647 759 2715 quinetiam
775 2665 841 2698 nunc
856 2652 883 2700 in

277 2722 439 2771 controversia
448 2724 487 2782 est,
501 2725 548 2773 hoc
561 2726 643 2782 modo,

296 2800 351 2849 Eho
363 2812 397 2858 tu,
417 2801 457 2857 dii,
472 2804 558 2868 quibus
566 2803 707 2869 estpotessas
719 2817 801 2854 motus
812 2805 881 2872 supe-

336 2895 399 2934 rum,
413 2890 484 2942 atque
493 2880 608 2937 inferum,

298 2955 384 3003 Pacem
400 2957 464 3005 inter
480 2955 505 3006 se
518 2957 654 3016 conciliant,
677 2960 808 3009 conferunt
823 2979 882 3010 con·

337 3033 452 3081 cordiam.

279 3122 337 3157 nom
350 3109 383 3158 ita
388 3125 435 3175 pro
442 3109 545 3177 suojure
555 3113 603 3162 hoe
612 3113 732 3183 exemuio
740 3116 817 3166 usum
825 3112 903 3164 Qnes-

578 3197 601 3245 C
626 3211 639 3247 2
