2442 3609
337 698 341 707 '
368 694 425 746 Au
446 688 719 745 HERENNIUM
740 703 856 742 urnrrr.
888 696 924 757 ⁸9

317 785 402 838 citari:
416 786 525 836 novitate
534 802 593 837 vero
602 796 628 835 et
638 783 725 853 iuiigui
732 785 837 851 quodam
845 800 923 852 nego·
966 792 969 797 '

317 864 353 912 tio
362 865 521 913 commoveri.
545 864 654 912 imitetur
666 861 742 928 igitur
752 877 790 911 art
799 874 923 922 naturam,

316 951 342 988 et
351 940 416 1006 quod
424 956 453 990 ea
462 939 583 997 defiderat,
591 938 717 988 inveniat:
733 938 798 1005 quod
809 939 923 997 ostendit.

317 1015 439 1083 stquatur.
461 1015 647 1074 uihiiestenim,
655 1014 721 1081 quod
731 1025 867 1066 autuatura
876 1031 921 1066 ex·
961 1023 966 1030 '

317 1094 563 1152 tremum-invenerit,
578 1091 867 1156 autdociriuaprimum:
882 1091 922 1142 sed

317 1185 400 1221 rerum
408 1169 526 1235 principia
536 1171 565 1219 ab
580 1167 680 1236 ingenio
693 1166 803 1234 profeiia
814 1168 877 1227 sunt,
895 1179 923 1223 et

315 1245 528 1312 exituediscipliua
538 1255 720 1311 comparantur.
739 1245 857 1312 imaginor
872 1245 919 1312 igi·

316 1333 358 1373 tur
371 1339 418 1372 uos
431 1324 457 1373 in
474 1339 504 1372 eo
520 1338 608 1390 genere
625 1320 769 1371 constituere
788 1322 922 1386 oportebit,

314 1399 379 1467 quod
385 1415 463 1466 genua
470 1416 568 1449 monere
576 1399 601 1447 in
611 1397 730 1447 memorie
739 1397 866 1448 diutiffime
874 1414 920 1464 po-

314 1476 368 1526 test.
388 1475 411 1525 id
422 1475 520 1534 accidet,
538 1475 555 1524 fi
567 1491 639 1542 quam
656 1475 763 1523 maxime
773 1485 843 1523 notas
853 1474 920 1524 suui-

313 1550 429 1603 litudinea
437 1552 609 1602 constituemus
621 1568 628 1600 r
639 1549 656 1599 ii
666 1567 716 1600 uon
725 1562 813 1608 mutas,
821 1565 919 1602 necve·

313 1645 365 1697 gar,
381 1629 419 1679 sed
430 1628 519 1696 aliquid
535 1640 623 1678 notum
640 1639 737 1695 agentes
747 1628 866 1693 imagines
872 1645 919 1694 po·

313 1721 418 1757 nemus:
437 1703 919 1772 iiegregiampulehritudinem,autuui-

314 1797 366 1833 cam
377 1782 552 1848 turpitudinem
562 1781 597 1831 eis
610 1781 789 1831 attribuemus:
808 1780 825 1829 si
838 1779 921 1848 aliqua

313 1872 341 1908 re
351 1859 532 1916 exomabimus,
544 1856 599 1907 utsr
616 1858 720 1915 coronis,
735 1870 776 1908 aut
785 1855 848 1907 reste
858 1873 918 1923 pur·

313 1950 395 2000 porea,
405 1951 454 2001 quo
464 1935 534 1984 nobis
542 1934 650 1984 notatior
663 1933 693 1984 fit
708 1933 853 1982 similitudo:
874 1945 919 1986 eut

313 2009 387 2077 siqua
397 2027 423 2060 re
437 2009 634 2068 deformabimus,
648 2022 675 2059 ut
691 2008 856 2066 frementem,
874 2020 918 2061 aut

313 2101 390 2136 coeno
400 2085 509 2145 oblitam,
525 2098 567 2136 aut
576 2087 671 2135 rubrica
677 2084 808 2134 delibutam
818 2083 917 2137 induce·

313 2177 377 2220 urus,
386 2181 435 2230 quo
445 2164 521 2229 magis
529 2162 641 2230 iniignita
651 2162 679 2213 iit
687 2161 783 2214 forma:
794 2174 836 2212 aut
851 2159 867 2209 sr
882 2163 916 2212 ri·

312 2237 402 2289 diculas
420 2256 457 2289 res
470 2239 561 2305 aliquas
582 2240 727 2306 imaginibus
746 2239 917 2291 attribuemus.

311 2331 368 2365 uam
377 2333 404 2366 ea
414 2333 452 2366 res
459 2332 555 2384 quoque
562 2315 644 2373 faciet,
653 2314 779 2365 utfacilius
791 2315 916 2367 meminis-

312 2392 336 2443 se
348 2394 469 2458 poffimua.
489 2411 557 2450 nam,
569 2409 629 2458 quaa
646 2409 684 2441 res
695 2409 768 2441 veras
775 2390 847 2441 facile
861 2407 916 2443 ure-

310 2468 437 2525 minimus,
452 2470 546 2518 easdem
564 2469 631 2518 fit'tas
642 2480 668 2518 et
679 2467 808 2533 diiigenter
816 2479 917 2519 notatae

291 2596 295 2601 ,
309 2543 443 2593 meminisse
457 2561 507 2595 non
523 2545 556 2593 est
565 2544 666 2594 difficile.
706 2544 744 2594 fed
758 2542 819 2593 illud
835 2542 916 2595 facere

310 2620 439 2685 oportebit,
449 2632 477 2668 ut
486 2621 615 2670 identidem
630 2622 722 2686 primos
731 2622 838 2687 quosque
846 2619 916 2671 iocos

310 2697 445 2761 imaginum
454 2697 647 2747 renovandamm
660 2698 728 2747 coust
738 2696 848 2746 celeriter
859 2697 913 2746 aui·

268 2804 296 2849 23
311 2788 353 2822 uro
362 2788 539 2837 percurramus.
585 2772 781 2839 &impletusque
795 2776 913 2833 Graecos.

309 2850 389 2916 quide
397 2850 516 2898 memoria
525 2849 676 2916 scripserunt,
686 2848 772 2909 fecisse,
783 2861 809 2899 ut
819 2849 914 2900 multo-

305 2941 361 2976 rum
374 2926 504 2976 verborum
522 2926 640 2994 imagines
658 2926 848 2982 conscriberent„
865 2926 917 2983 uti,

301 3002 345 3066 qui
357 3018 399 3055 eu
408 3002 515 3054 ediscere
521 3003 630 3065 venene,
648 3003 941 3072 quarumdem*

292 3076 356 3142 ΨΜ
364 3079 552 3150 inquerendo
562 3100 663 3156 operae
674 3079 876 3138 mmmmm
892 3076 976 3125 ψ’.
