2442 3609
377 661 434 712 AD
453 656 729 711 HERENNIUM
750 670 809 708 ura.
826 670 847 706 r.
902 670 919 717 ς

308 750 396 819 quibua
409 752 440 803 ele
454 753 526 803 rebus
541 749 615 800 limus
630 749 725 808 ditiori,
741 763 874 816 exponere.
901 746 919 798 fi

307 829 429 895 principio
437 831 474 879 uti
481 827 604 886 nolemus,
619 825 702 894 alege,
715 842 730 875 a
741 827 869 892 scriptura,
877 835 920 875 aut

308 904 428 972 abaliquo
435 904 568 955 fiemiffimo
575 904 670 954 nostrae
686 906 769 953 ausae
776 903 919 969 adjumento

307 981 457 1048 principium
464 996 547 1049 capere
559 980 693 1049 oportebit.
713 981 828 1046 quoniam
842 979 920 1047 igitur

307 1048 716 1118 indmbeuewinmettentum
724 1055 918 1107 hahereaudito-

307 1126 732 1202 mmvolnmunqnomodoqnldque
740 1133 827 1184 ooufiei
834 1132 916 1201 poffit.

309 1211 454 1278 apetiemm.
478 1210 567 1261 dociles
582 1210 704 1261 auditore·
717 1209 805 1260 habere
826 1210 919 1275 poteri-

280 1314 282 1319 ·
309 1302 376 1346 mue
387 1287 531 1337 lisummam
543 1287 626 1337 ausae
638 1285 744 1336 breviter
756 1302 918 1353 exponemus.

309 1362 660 1415 nnnttmtoreorfaciemue.
679 1378 737 1411 nam
745 1361 830 1413 docilia
842 1363 876 1412 est
888 1362 918 1421 ie,

309 1441 354 1507 qui
369 1451 461 1490 attente
472 1438 626 1490 vultaudire.
646 1450 752 1488 attentos
767 1438 917 1499 habebimur,

308 1515 918 1583 §pollioebimuunosderebusmaguinnorisiu—

308 1592 402 1645 ulitatir
409 1594 482 1645 verba
488 1593 602 1652 facturos,
608 1604 650 1643 aut
658 1594 687 1642 de
695 1593 725 1643 iis
732 1594 810 1652 rebus,
817 1609 879 1660 quae
887 1593 918 1644 ad

308 1686 388 1738 remp.
403 1672 583 1737 pertinentem
591 1673 620 1722 ad
628 1671 746 1737 eosipsoe
759 1671 801 1737 qui
809 1671 915 1731 audient,

308 1760 350 1798 aut
357 1750 386 1799 ad
394 1750 503 1799 Deorum
517 1745 694 1799 immortalium
707 1746 867 1814 religionem:
881 1759 915 1807 et,

308 1824 478 1891 firogabimus,
490 1836 518 1873 ut
526 1835 617 1875 attente
630 1825 743 1874 audiant:
763 1835 795 1881 et,
804 1824 915 1874 (inume-

308 1915 338 1950 ro
346 1916 497 1966 exponemus
515 1916 564 1958 res,
576 1901 605 1948 de
620 1901 707 1965 quibus
721 1900 809 1949 dicturi
824 1900 915 1950 sumus.

310 1974 442 2027 benevolos
449 1977 568 2026 auditores
576 1976 656 2025 facere
664 1988 768 2042 quatuor
775 1975 854 2025 modis
861 1974 915 2042 pos·

308 2051 398 2113 sumus,
408 2053 516 2111 anostra,
525 2055 554 2103 ab
567 2052 765 2111 adversariorum,
779 2053 808 2102 ab
820 2053 915 2103 audito-

281 2149 296 2195 5
308 2146 365 2181 rum
374 2133 482 2197 persona,
490 2128 686 2196 etareburipsrr.
738 2131 761 2180 A
773 2129 852 2180 nostra
860 2147 914 2196 pet·

308 2207 571 2260 sonabenevolentiam
580 2209 761 2265 contrahemus,
780 2206 914 2259 finostrum

309 2284 414 2335 officium
429 2286 477 2334 fine
492 2287 632 2352 arrogantia
645 2285 804 2341 laudabimus,
831 2297 873 2334 aut
888 2287 915 2335 ln

307 2377 387 2427 remp.
395 2362 479 2427 quales
491 2360 617 2420 fuerimus,
630 2373 670 2409 aut
678 2362 704 2409 in
713 2373 830 2425 parentes,
839 2373 881 2410 aut
888 2362 915 2410 in

308 2438 406 2493 amicos,
420 2438 621 2502 autineosipsoe
636 2438 677 2504 qui
691 2437 798 2493 audiunt,
813 2434 915 2497 velom-

308 2526 360 2568 nes‚
373 2511 413 2562 uel
428 2511 530 2577 aliquos,
546 2512 687 2570 referemus,
707 2510 840 2561 dummodo
854 2513 916 2563 haec

309 2588 490 2638 omninodeam
505 2588 579 2653 ipsam
593 2606 654 2647 rem,
668 2589 698 2638 de
712 2606 760 2655 qua
768 2589 854 2655 agitur,
869 2590 917 2640 smt

310 2666 503 2714 accommodata.
517 2666 575 2714 item
584 2665 688 2715 stnostra
694 2666 849 2716 incommoda
856 2684 915 2733 pro·

308 2742 424 2800 feremus,
432 2743 547 2807 inopiam,
564 2742 726 2800 solitudinem,
735 2742 914 2796 calamitatem:

308 2832 333 2871 et
345 2819 499 2877 fiorabimus‚
508 2831 535 2868 ut
544 2821 614 2870 nobis
622 2820 667 2869 sint
679 2820 786 2879 auxilio;
798 2820 868 2870 simul
875 2822 915 2872 os·

308 2897 445 2954 tenuemus,
462 2913 507 2945 nos
522 2897 548 2946 in
563 2897 693 2965 aliissoem
704 2894 929 2946 mitilianum.

304 2972 536 3025 anniversariorum
544 2976 655 3043 persona
663 2971 946 3026 neneaoxmumuxa·

296 3045 373 3105 bitur,
395 3048 414 3101 fi
429 3068 474 3106 eos
490 3057 518 3108 in
534 3057 642 3122 odium,
657 3056 690 3105 in
700 3039 946 3105 inuiiiuamt'xffi'

624 3137 695 3198 Aa
