<?xml version="1.0" encoding="UTF-8"?>
<!DOCTYPE html PUBLIC "-//W3C//DTD XHTML 1.0 Transitional//EN"
    "http://www.w3.org/TR/xhtml1/DTD/xhtml1-transitional.dtd">
<html xmlns="http://www.w3.org/1999/xhtml" xml:lang="en" lang="en">
 <head>
  <title>
</title>
<meta http-equiv="Content-Type" content="text/html;charset=utf-8" />
  <meta name='ocr-system' content='tesseract 3.04.00' />
  <meta name='ocr-capabilities' content='ocr_page ocr_carea ocr_par ocr_line ocrx_word'/>
</head>
<body>
  <div class='ocr_page' id='page_1' title='image "./mtulliiciceroni24cicegoog_0385.png"; bbox 0 0 2442 3609; ppageno 0'>
   <div class='ocr_carea' id='block_1_1' title="bbox 341 708 903 778">
    <p class='ocr_par' dir='ltr' id='par_1_1' title="bbox 341 708 903 778">
     <span class='ocr_line' id='line_1_1' title="bbox 341 708 903 778; baseline 0.009 -5"><span class='ocrx_word' id='word_1_1' title='bbox 341 723 401 775; x_wconf 81' lang='lat' dir='ltr'>Au</span> <span class='ocrx_word' id='word_1_2' title='bbox 416 708 903 778; x_wconf 72' lang='lat' dir='ltr'>Huuzrtrttuutm.r&#39;v.161</span> 
     </span>
    </p>
   </div>
   <div class='ocr_carea' id='block_1_2' title="bbox 248 816 984 3106">
    <p class='ocr_par' dir='ltr' id='par_1_2' title="bbox 248 816 984 3106">
     <span class='ocr_line' id='line_1_2' title="bbox 302 816 908 885; baseline -0.002 -19"><span class='ocrx_word' id='word_1_3' title='bbox 302 816 475 885; x_wconf 79' lang='lat' dir='ltr'>etdignitatis:</span> <span class='ocrx_word' id='word_1_4' title='bbox 496 816 625 868; x_wconf 84' lang='lat' dir='ltr'>srniteuiru</span> <span class='ocrx_word' id='word_1_5' title='bbox 638 816 763 883; x_wconf 85' lang='lat' dir='ltr'>quiddam,</span> <span class='ocrx_word' id='word_1_6' title='bbox 771 819 908 868; x_wconf 81' lang='lat' dir='ltr'>tecitoora-</span> 
     </span>
     <span class='ocr_line' id='line_1_3' title="bbox 301 893 908 961; baseline 0.007 -20"><span class='ocrx_word' id='word_1_7' title='bbox 301 905 363 953; x_wconf 89' lang='lat' dir='ltr'>tore,</span> <span class='ocrx_word' id='word_1_8' title='bbox 377 893 454 961; x_wconf 87' lang='lat' dir='ltr'>ipsum</span> <span class='ocrx_word' id='word_1_9' title='bbox 470 894 602 944; x_wconf 75' lang='lat' dir='ltr'>auditorem</span> <span class='ocrx_word' id='word_1_10' title='bbox 617 893 736 960; x_wconf 73' lang='lat' dir='ltr'>suspicari.</span> <span class='ocrx_word' id='word_1_11' title='bbox 755 896 860 945; x_wconf 80' lang='lat' dir='ltr'>brevitas</span> <span class='ocrx_word' id='word_1_12' title='bbox 873 894 908 945; x_wconf 86' lang='lat' dir='ltr'>est</span> 
     </span>
     <span class='ocr_line' id='line_1_4' title="bbox 300 969 905 1037; baseline 0 -17"><span class='ocrx_word' id='word_1_13' title='bbox 300 986 339 1020; x_wconf 83' lang='lat' dir='ltr'>res</span> <span class='ocrx_word' id='word_1_14' title='bbox 359 971 413 1037; x_wconf 76' lang='lat' dir='ltr'>ipsis</span> <span class='ocrx_word' id='word_1_15' title='bbox 428 971 598 1021; x_wconf 85' lang='lat' dir='ltr'>tantummodo</span> <span class='ocrx_word' id='word_1_16' title='bbox 610 972 692 1020; x_wconf 85' lang='lat' dir='ltr'>verbis</span> <span class='ocrx_word' id='word_1_17' title='bbox 706 969 841 1022; x_wconf 78' lang='lat' dir='ltr'>necess&#39;ariis</span> <span class='ocrx_word' id='word_1_18' title='bbox 860 987 905 1021; x_wconf 83' lang='lat' dir='ltr'>ex-</span> 
     </span>
     <span class='ocr_line' id='line_1_5' title="bbox 299 1046 911 1114; baseline 0.002 -17"><span class='ocrx_word' id='word_1_19' title='bbox 299 1047 387 1112; x_wconf 87' lang='lat' dir='ltr'>pedita,</span> <span class='ocrx_word' id='word_1_20' title='bbox 410 1048 458 1098; x_wconf 89' lang='lat' dir='ltr'>hoe</span> <span class='ocrx_word' id='word_1_21' title='bbox 476 1049 565 1098; x_wconf 82' lang='lat' dir='ltr'>modo:</span> <span class='ocrx_word' id='word_1_22' title='bbox 595 1046 735 1099; x_wconf 80' lang='lat' dir='ltr'><strong>Lemnum</strong></span> <span class='ocrx_word' id='word_1_23' title='bbox 756 1048 911 1114; x_wconf 77' lang='lat' dir='ltr'>praeterient¹</span> 
     </span>
     <span class='ocr_line' id='line_1_6' title="bbox 299 1122 903 1192; baseline 0.003 -19"><span class='ocrx_word' id='word_1_24' title='bbox 299 1127 379 1192; x_wconf 82' lang='lat' dir='ltr'>cepit.</span> <span class='ocrx_word' id='word_1_25' title='bbox 393 1126 471 1175; x_wconf 85' lang='lat' dir='ltr'>inde‘</span> <span class='ocrx_word' id='word_1_26' title='bbox 481 1123 703 1190; x_wconf 77' lang='lat' dir='ltr'>Thafipraesidium</span> <span class='ocrx_word' id='word_1_27' title='bbox 716 1123 830 1191; x_wconf 85' lang='lat' dir='ltr'>reiiquit:</span> <span class='ocrx_word' id='word_1_28' title='bbox 850 1122 903 1190; x_wconf 77' lang='lat' dir='ltr'>post</span> 
     </span>
     <span class='ocr_line' id='line_1_7' title="bbox 299 1200 904 1270; baseline 0 -19"><span class='ocrx_word' id='word_1_29' title='bbox 299 1202 398 1251; x_wconf 81' lang='lat' dir='ltr'>‘urbem</span> <span class='ocrx_word' id='word_1_30' title='bbox 418 1204 444 1252; x_wconf 86' lang='lat' dir='ltr'>iu</span> <span class='ocrx_word' id='word_1_31' title='bbox 460 1202 576 1270; x_wconf 80' lang='lat' dir='ltr'>Bithynia</span> <span class='ocrx_word' id='word_1_32' title='bbox 588 1200 696 1250; x_wconf 83' lang='lat' dir='ltr'>sustulit:</span> <span class='ocrx_word' id='word_1_33' title='bbox 717 1201 772 1251; x_wconf 89' lang='lat' dir='ltr'>inde</span> <span class='ocrx_word' id='word_1_34' title='bbox 784 1200 904 1266; x_wconf 82' lang='lat' dir='ltr'>puisutiu</span> 
     </span>
     <span class='ocr_line' id='line_1_8' title="bbox 297 1275 984 1347; baseline -0.004 -18"><span class='ocrx_word' id='word_1_35' title='bbox 297 1275 508 1347; x_wconf 75' lang='lat' dir='ltr'>‘Hellespontum</span> <span class='ocrx_word' id='word_1_36' title='bbox 523 1278 602 1329; x_wconf 81' lang='lat' dir='ltr'>statim</span> <span class='ocrx_word' id='word_1_37' title='bbox 610 1278 705 1342; x_wconf 85' lang='lat' dir='ltr'>potitur</span> <span class='ocrx_word' id='word_1_38' title='bbox 713 1278 820 1344; x_wconf 78' lang='lat' dir='ltr'>Abydo’</span> <span class='ocrx_word' id='word_1_39' title='bbox 834 1277 904 1338; x_wconf 83' lang='lat' dir='ltr'>item,</span> <span class='ocrx_word' id='word_1_40' title='bbox 979 1308 984 1316; x_wconf 93' lang='lat'>-</span> 
     </span>
     <span class='ocr_line' id='line_1_9' title="bbox 297 1354 904 1422; baseline -0.002 -17"><span class='ocrx_word' id='word_1_41' title='bbox 297 1356 387 1405; x_wconf 78' lang='lat' dir='ltr'>‘modo</span> <span class='ocrx_word' id='word_1_42' title='bbox 410 1354 501 1414; x_wconf 90' lang='lat' dir='ltr'>consul,</span> <span class='ocrx_word' id='word_1_43' title='bbox 525 1354 648 1422; x_wconf 83' lang='lat' dir='ltr'>quondam</span> <span class='ocrx_word' id='word_1_44' title='bbox 669 1354 788 1413; x_wconf 83' lang='lat' dir='ltr'>tribunus,</span> <span class='ocrx_word' id='word_1_45' title='bbox 817 1354 904 1405; x_wconf 84' lang='lat' dir='ltr'>deinde</span> 
     </span>
     <span class='ocr_line' id='line_1_10' title="bbox 296 1429 900 1498; baseline -0.005 -15"><span class='ocrx_word' id='word_1_46' title='bbox 296 1433 406 1498; x_wconf 82' lang='lat' dir='ltr'>‘primus</span> <span class='ocrx_word' id='word_1_47' title='bbox 421 1444 473 1482; x_wconf 89' lang='lat' dir='ltr'>erat</span> <span class='ocrx_word' id='word_1_48' title='bbox 491 1432 616 1481; x_wconf 68' lang='lat' dir='ltr'>civitatis!</span> <span class='ocrx_word' id='word_1_49' title='bbox 639 1442 700 1488; x_wconf 86' lang='lat' dir='ltr'>tum,</span> <span class='ocrx_word' id='word_1_50' title='bbox 726 1429 900 1497; x_wconf 81' lang='lat' dir='ltr'>‘proficiscitur</span> 
     </span>
     <span class='ocr_line' id='line_1_11' title="bbox 295 1506 902 1568; baseline -0.002 -11"><span class='ocrx_word' id='word_1_51' title='bbox 295 1510 336 1557; x_wconf 87' lang='lat' dir='ltr'>‘in</span> <span class='ocrx_word' id='word_1_52' title='bbox 346 1510 433 1568; x_wconf 78' lang='lat' dir='ltr'>Asiam,</span> <span class='ocrx_word' id='word_1_53' title='bbox 459 1508 544 1559; x_wconf 85' lang='lat' dir='ltr'>deinde</span> <span class='ocrx_word' id='word_1_54' title='bbox 558 1506 625 1565; x_wconf 86' lang='lat' dir='ltr'>exui,</span> <span class='ocrx_word' id='word_1_55' title='bbox 640 1518 665 1556; x_wconf 88' lang='lat' dir='ltr'>et</span> <span class='ocrx_word' id='word_1_56' title='bbox 680 1506 754 1556; x_wconf 86' lang='lat' dir='ltr'>hostis</span> <span class='ocrx_word' id='word_1_57' title='bbox 770 1506 803 1555; x_wconf 86' lang='lat' dir='ltr'>est</span> <span class='ocrx_word' id='word_1_58' title='bbox 816 1506 902 1566; x_wconf 81' lang='lat' dir='ltr'>didius,</span> 
     </span>
     <span class='ocr_line' id='line_1_12' title="bbox 295 1582 903 1651; baseline -0.002 -17"><span class='ocrx_word' id='word_1_59' title='bbox 295 1585 363 1651; x_wconf 80' lang='lat' dir='ltr'>‘&#39;post</span> <span class='ocrx_word' id='word_1_60' title='bbox 381 1587 521 1651; x_wconf 84' lang='lat' dir='ltr'>imperator,</span> <span class='ocrx_word' id='word_1_61' title='bbox 534 1584 655 1651; x_wconf 77' lang='lat' dir='ltr'>postremo</span> <span class='ocrx_word' id='word_1_62' title='bbox 670 1582 839 1634; x_wconf 71' lang='lat' dir='ltr'>consulfastus</span> <span class='ocrx_word' id='word_1_63' title='bbox 848 1582 903 1633; x_wconf 65' lang='lat' dir='ltr'>est!</span> 
     </span>
     <span class='ocr_line' id='line_1_13' title="bbox 294 1650 979 1727; baseline -0.003 -17"><span class='ocrx_word' id='word_1_64' title='bbox 294 1660 368 1711; x_wconf 90' lang='lat' dir='ltr'>habet</span> <span class='ocrx_word' id='word_1_65' title='bbox 390 1663 471 1727; x_wconf 86' lang='lat' dir='ltr'>paucis</span> <span class='ocrx_word' id='word_1_66' title='bbox 491 1660 665 1725; x_wconf 85' lang='lat' dir='ltr'>comprehensa</span> <span class='ocrx_word' id='word_1_67' title='bbox 684 1662 789 1708; x_wconf 76' lang='lat' dir='ltr'>brevitas</span> <span class='ocrx_word' id='word_1_68' title='bbox 809 1659 901 1708; x_wconf 88' lang='lat' dir='ltr'>multa·</span> <span class='ocrx_word' id='word_1_69' title='bbox 967 1650 979 1663; x_wconf 71' lang='lat'><strong><em>‘</em></strong></span> 
     </span>
     <span class='ocr_line' id='line_1_14' title="bbox 293 1735 901 1803; baseline 0 -17"><span class='ocrx_word' id='word_1_70' title='bbox 293 1753 350 1787; x_wconf 88' lang='lat' dir='ltr'>rum</span> <span class='ocrx_word' id='word_1_71' title='bbox 365 1754 446 1788; x_wconf 88' lang='lat' dir='ltr'>rerum</span> <span class='ocrx_word' id='word_1_72' title='bbox 464 1738 654 1803; x_wconf 85' lang='lat' dir='ltr'>expeditionem.</span> <span class='ocrx_word' id='word_1_73' title='bbox 674 1752 748 1802; x_wconf 83' lang='lat' dir='ltr'>quare</span> <span class='ocrx_word' id='word_1_74' title='bbox 768 1735 901 1786; x_wconf 89' lang='lat' dir='ltr'>adhibenda</span> 
     </span>
     <span class='ocr_line' id='line_1_15' title="bbox 293 1811 900 1880; baseline -0.003 -18"><span class='ocrx_word' id='word_1_75' title='bbox 293 1811 362 1879; x_wconf 82' lang='lat' dir='ltr'>saepe</span> <span class='ocrx_word' id='word_1_76' title='bbox 376 1815 417 1874; x_wconf 91' lang='lat' dir='ltr'>est,</span> <span class='ocrx_word' id='word_1_77' title='bbox 430 1832 485 1864; x_wconf 90' lang='lat' dir='ltr'>cum</span> <span class='ocrx_word' id='word_1_78' title='bbox 500 1826 588 1864; x_wconf 87' lang='lat' dir='ltr'>autres</span> <span class='ocrx_word' id='word_1_79' title='bbox 597 1830 649 1862; x_wconf 89' lang='lat' dir='ltr'>non</span> <span class='ocrx_word' id='word_1_80' title='bbox 665 1825 737 1880; x_wconf 86' lang='lat' dir='ltr'>egent</span> <span class='ocrx_word' id='word_1_81' title='bbox 749 1811 835 1878; x_wconf 83' lang='lat' dir='ltr'>longae</span> <span class='ocrx_word' id='word_1_82' title='bbox 843 1827 900 1861; x_wconf 89' lang='lat' dir='ltr'>ora</span> 
     </span>
     <span class='ocr_line' id='line_1_16' title="bbox 248 1889 898 1965; baseline 0.003 -27"><span class='ocrx_word' id='word_1_83' title='bbox 248 1917 280 1965; x_wconf 82' lang='lat'>55</span> <span class='ocrx_word' id='word_1_84' title='bbox 296 1891 378 1948; x_wconf 87' lang='lat' dir='ltr'>tionis,</span> <span class='ocrx_word' id='word_1_85' title='bbox 387 1903 427 1940; x_wconf 87' lang='lat' dir='ltr'>aut</span> <span class='ocrx_word' id='word_1_86' title='bbox 440 1903 536 1957; x_wconf 84' lang='lat' dir='ltr'>tempus</span> <span class='ocrx_word' id='word_1_87' title='bbox 543 1907 594 1939; x_wconf 93' lang='lat' dir='ltr'>non</span> <span class='ocrx_word' id='word_1_88' title='bbox 602 1889 657 1939; x_wconf 83' lang='lat' dir='ltr'>srnrt</span> <span class='ocrx_word' id='word_1_89' title='bbox 669 1890 825 1939; x_wconf 89' lang='lat' dir='ltr'>commorari.</span> <span class='ocrx_word' id='word_1_90' title='bbox 846 1891 898 1940; x_wconf 81' lang='lat' dir='ltr'>De·</span> 
     </span>
     <span class='ocr_line' id='line_1_17' title="bbox 295 1962 903 2038; baseline -0.007 -21"><span class='ocrx_word' id='word_1_91' title='bbox 295 1962 437 2017; x_wconf 75' lang='lat' dir='ltr'>monstratio</span> <span class='ocrx_word' id='word_1_92' title='bbox 449 1967 488 2025; x_wconf 85' lang='lat' dir='ltr'>est,</span> <span class='ocrx_word' id='word_1_93' title='bbox 502 1983 558 2015; x_wconf 85' lang='lat' dir='ltr'>etun</span> <span class='ocrx_word' id='word_1_94' title='bbox 566 1969 600 2015; x_wconf 86' lang='grc' dir='ltr'>ιιι</span> <span class='ocrx_word' id='word_1_95' title='bbox 607 1981 646 2015; x_wconf 85' lang='lat' dir='ltr'>res</span> <span class='ocrx_word' id='word_1_96' title='bbox 658 1966 903 2038; x_wconf 82' lang='lat' dir='ltr'>verbisexprirnitur,¹</span> 
     </span>
     <span class='ocr_line' id='line_1_18' title="bbox 292 2040 898 2110; baseline -0.002 -19"><span class='ocrx_word' id='word_1_97' title='bbox 292 2054 320 2091; x_wconf 93' lang='lat' dir='ltr'>ut</span> <span class='ocrx_word' id='word_1_98' title='bbox 330 2045 382 2110; x_wconf 85' lang='lat' dir='ltr'>geri</span> <span class='ocrx_word' id='word_1_99' title='bbox 390 2044 523 2109; x_wconf 85' lang='lat' dir='ltr'>negotium,</span> <span class='ocrx_word' id='word_1_100' title='bbox 537 2055 607 2093; x_wconf 80' lang='lat' dir='ltr'>eures</span> <span class='ocrx_word' id='word_1_101' title='bbox 617 2055 673 2091; x_wconf 90' lang='lat' dir='ltr'>ante</span> <span class='ocrx_word' id='word_1_102' title='bbox 681 2042 765 2093; x_wconf 78' lang='lat' dir='ltr'>oaudos</span> <span class='ocrx_word' id='word_1_103' title='bbox 775 2040 820 2092; x_wconf 84' lang='lat' dir='ltr'>esse</span> <span class='ocrx_word' id='word_1_104' title='bbox 828 2041 898 2091; x_wconf 94' lang='lat' dir='ltr'>vide</span> 
     </span>
     <span class='ocr_line' id='line_1_19' title="bbox 291 2117 899 2186; baseline 0.002 -19"><span class='ocrx_word' id='word_1_105' title='bbox 291 2131 355 2168; x_wconf 83' lang='lat' dir='ltr'>atur.</span> <span class='ocrx_word' id='word_1_106' title='bbox 376 2119 458 2168; x_wconf 81' lang='lat' dir='ltr'>rdfiert</span> <span class='ocrx_word' id='word_1_107' title='bbox 466 2120 564 2185; x_wconf 83' lang='lat' dir='ltr'>potent,</span> <span class='ocrx_word' id='word_1_108' title='bbox 583 2119 678 2186; x_wconf 79' lang='lat' dir='ltr'>si,quae</span> <span class='ocrx_word' id='word_1_109' title='bbox 696 2131 760 2176; x_wconf 91' lang='lat' dir='ltr'>aute,</span> <span class='ocrx_word' id='word_1_110' title='bbox 774 2117 865 2183; x_wconf 83' lang='lat' dir='ltr'>etpost,</span> <span class='ocrx_word' id='word_1_111' title='bbox 873 2128 899 2168; x_wconf 89' lang='lat' dir='ltr'>et</span> 
     </span>
     <span class='ocr_line' id='line_1_20' title="bbox 289 2195 898 2261; baseline 0.002 -17"><span class='ocrx_word' id='word_1_112' title='bbox 289 2195 315 2244; x_wconf 88' lang='lat' dir='ltr'>in</span> <span class='ocrx_word' id='word_1_113' title='bbox 325 2195 375 2261; x_wconf 87' lang='lat' dir='ltr'>ipsa</span> <span class='ocrx_word' id='word_1_114' title='bbox 388 2212 413 2244; x_wconf 93' lang='lat' dir='ltr'>re</span> <span class='ocrx_word' id='word_1_115' title='bbox 426 2195 490 2245; x_wconf 71' lang='lat' dir='ltr'>faeta</span> <span class='ocrx_word' id='word_1_116' title='bbox 503 2206 584 2253; x_wconf 89' lang='lat' dir='ltr'>erunt,</span> <span class='ocrx_word' id='word_1_117' title='bbox 602 2196 843 2260; x_wconf 85' lang='lat' dir='ltr'>comprehendemus,</span> <span class='ocrx_word' id='word_1_118' title='bbox 856 2205 898 2245; x_wconf 89' lang='lat' dir='ltr'>aut</span> 
     </span>
     <span class='ocr_line' id='line_1_21' title="bbox 289 2270 896 2338; baseline -0.002 -18"><span class='ocrx_word' id='word_1_119' title='bbox 289 2271 406 2321; x_wconf 72' lang='lat' dir='ltr'>fratrebus</span> <span class='ocrx_word' id='word_1_120' title='bbox 419 2271 627 2338; x_wconf 83' lang='lat' dir='ltr'>consequentibus,</span> <span class='ocrx_word' id='word_1_121' title='bbox 641 2284 706 2322; x_wconf 86' lang='lat' dir='ltr'>auta</span> <span class='ocrx_word' id='word_1_122' title='bbox 719 2270 896 2321; x_wconf 87' lang='lat' dir='ltr'>circumstanti-</span> 
     </span>
     <span class='ocr_line' id='line_1_22' title="bbox 289 2345 897 2416; baseline -0.002 -20"><span class='ocrx_word' id='word_1_123' title='bbox 289 2349 390 2399; x_wconf 81' lang='lat' dir='ltr'>busnon</span> <span class='ocrx_word' id='word_1_124' title='bbox 409 2350 555 2406; x_wconf 81' lang='lat' dir='ltr'>recedemus,</span> <span class='ocrx_word' id='word_1_125' title='bbox 568 2347 617 2397; x_wconf 88' lang='lat' dir='ltr'>hoc</span> <span class='ocrx_word' id='word_1_126' title='bbox 630 2349 716 2398; x_wconf 88' lang='lat' dir='ltr'>modo:</span> <span class='ocrx_word' id='word_1_127' title='bbox 740 2347 818 2416; x_wconf 87' lang='lat' dir='ltr'>‘quod</span> <span class='ocrx_word' id='word_1_128' title='bbox 826 2345 897 2396; x_wconf 83' lang='lat' dir='ltr'>fimul</span> 
     </span>
     <span class='ocr_line' id='line_1_23' title="bbox 289 2418 895 2492; baseline -0.005 -18"><span class='ocrx_word' id='word_1_129' title='bbox 289 2432 375 2492; x_wconf 80' lang='lat' dir='ltr'>‘atque</span> <span class='ocrx_word' id='word_1_130' title='bbox 391 2428 518 2475; x_wconf 77' lang='lat' dir='ltr'>Gracchus</span> <span class='ocrx_word' id='word_1_131' title='bbox 533 2425 663 2492; x_wconf 87' lang='lat' dir='ltr'>prospexit,</span> <span class='ocrx_word' id='word_1_132' title='bbox 684 2418 796 2475; x_wconf 61' lang='lat' dir='ltr'>studuere</span> <span class='ocrx_word' id='word_1_133' title='bbox 816 2439 895 2489; x_wconf 84' lang='lat' dir='ltr'>popu·</span> 
     </span>
     <span class='ocr_line' id='line_1_24' title="bbox 288 2500 896 2567; baseline -0.002 -17"><span class='ocrx_word' id='word_1_134' title='bbox 288 2500 366 2559; x_wconf 87' lang='lat' dir='ltr'>‘ium,</span> <span class='ocrx_word' id='word_1_135' title='bbox 381 2515 515 2560; x_wconf 80' lang='lat' dir='ltr'>verentem,</span> <span class='ocrx_word' id='word_1_136' title='bbox 529 2519 561 2551; x_wconf 88' lang='lat' dir='ltr'>ne</span> <span class='ocrx_word' id='word_1_137' title='bbox 574 2502 623 2567; x_wconf 80' lang='lat' dir='ltr'>ipse</span> <span class='ocrx_word' id='word_1_138' title='bbox 636 2503 778 2553; x_wconf 72' lang='lat' dir='ltr'>autioritatc</span> <span class='ocrx_word' id='word_1_139' title='bbox 798 2500 896 2549; x_wconf 82' lang='lat' dir='ltr'>senatus</span> 
     </span>
     <span class='ocr_line' id='line_1_25' title="bbox 287 2577 894 2642; baseline -0.003 -15"><span class='ocrx_word' id='word_1_140' title='bbox 287 2588 426 2627; x_wconf 79' lang='lat' dir='ltr'>commotus</span> <span class='ocrx_word' id='word_1_141' title='bbox 439 2579 576 2627; x_wconf 77' lang='lat' dir='ltr'>astutentia</span> <span class='ocrx_word' id='word_1_142' title='bbox 585 2577 783 2642; x_wconf 82' lang='lat' dir='ltr'>defisteret,jnbet</span> <span class='ocrx_word' id='word_1_143' title='bbox 792 2578 894 2626; x_wconf 87' lang='lat' dir='ltr'>advoca-</span> 
     </span>
     <span class='ocr_line' id='line_1_26' title="bbox 289 2651 896 2712; baseline 0 -10"><span class='ocrx_word' id='word_1_144' title='bbox 289 2655 330 2702; x_wconf 80' lang='lat' dir='ltr'>¹ri</span> <span class='ocrx_word' id='word_1_145' title='bbox 341 2655 493 2703; x_wconf 89' lang='lat' dir='ltr'>concionem.</span> <span class='ocrx_word' id='word_1_146' title='bbox 513 2654 653 2704; x_wconf 85' lang='lat' dir='ltr'>isteiuterea</span> <span class='ocrx_word' id='word_1_147' title='bbox 668 2652 762 2712; x_wconf 86' lang='lat' dir='ltr'>scelere,</span> <span class='ocrx_word' id='word_1_148' title='bbox 782 2664 806 2703; x_wconf 87' lang='lat' dir='ltr'>ct</span> <span class='ocrx_word' id='word_1_149' title='bbox 822 2651 896 2703; x_wconf 80' lang='lat' dir='ltr'>malis</span> 
     </span>
     <span class='ocr_line' id='line_1_27' title="bbox 287 2728 894 2796; baseline 0.002 -18"><span class='ocrx_word' id='word_1_150' title='bbox 287 2731 497 2796; x_wconf 68' lang='lat' dir='ltr'>‘cogitationibus</span> <span class='ocrx_word' id='word_1_151' title='bbox 505 2731 648 2790; x_wconf 84' lang='lat' dir='ltr'>redundans,</span> <span class='ocrx_word' id='word_1_152' title='bbox 664 2729 745 2781; x_wconf 87' lang='lat' dir='ltr'>evolat</span> <span class='ocrx_word' id='word_1_153' title='bbox 757 2728 894 2795; x_wconf 85' lang='lat' dir='ltr'>extemplo</span> 
     </span>
     <span class='ocr_line' id='line_1_28' title="bbox 287 2806 893 2872; baseline -0.002 -17"><span class='ocrx_word' id='word_1_154' title='bbox 287 2806 381 2872; x_wconf 81' lang='lat' dir='ltr'>‘Jovis,</span> <span class='ocrx_word' id='word_1_155' title='bbox 400 2818 425 2856; x_wconf 89' lang='lat' dir='ltr'>et</span> <span class='ocrx_word' id='word_1_156' title='bbox 437 2806 530 2865; x_wconf 76' lang='lat' dir='ltr'>sudant,</span> <span class='ocrx_word' id='word_1_157' title='bbox 553 2807 630 2859; x_wconf 85' lang='lat' dir='ltr'>oculis</span> <span class='ocrx_word' id='word_1_158' title='bbox 650 2807 796 2865; x_wconf 82' lang='lat' dir='ltr'>ardentibus,</span> <span class='ocrx_word' id='word_1_159' title='bbox 812 2808 893 2855; x_wconf 71' lang='lat' dir='ltr'>cretio</span> 
     </span>
     <span class='ocr_line' id='line_1_29' title="bbox 287 2881 891 2953; baseline 0 -21"><span class='ocrx_word' id='word_1_160' title='bbox 287 2881 399 2948; x_wconf 67' lang='lat' dir='ltr'>‘capilio</span> <span class='ocrx_word' id='word_1_161' title='bbox 413 2895 525 2934; x_wconf 88' lang='lat' dir='ltr'>contorta</span> <span class='ocrx_word' id='word_1_162' title='bbox 537 2894 599 2950; x_wconf 81' lang='lat' dir='ltr'>toga,</span> <span class='ocrx_word' id='word_1_163' title='bbox 617 2901 671 2934; x_wconf 88' lang='lat' dir='ltr'>cum</span> <span class='ocrx_word' id='word_1_164' title='bbox 674 2883 790 2953; x_wconf 74' lang='lat' dir='ltr'>pluribus</span> <span class='ocrx_word' id='word_1_165' title='bbox 800 2882 891 2933; x_wconf 83' lang='lat' dir='ltr'>aliisire</span> 
     </span>
     <span class='ocr_line' id='line_1_30' title="bbox 283 2958 888 3027; baseline -0.008 -16.864"><span class='ocrx_word' id='word_1_166' title='bbox 283 2959 401 3010; x_wconf 70' lang='lat' dir='ltr'>‘cesetius</span> <span class='ocrx_word' id='word_1_167' title='bbox 416 2961 506 3025; x_wconf 89' lang='lat' dir='ltr'>coepit</span> <span class='ocrx_word' id='word_1_168' title='bbox 527 2958 564 3008; x_wconf 88' lang='lat' dir='ltr'>iili</span> <span class='ocrx_word' id='word_1_169' title='bbox 578 2978 664 3027; x_wconf 84' lang='lat' dir='ltr'>praeco</span> <span class='ocrx_word' id='word_1_170' title='bbox 677 2959 888 3011; x_wconf 81' lang='lat' dir='ltr'>faciebataudien-</span> 
     </span>
     <span class='ocr_line' id='line_1_31' title="bbox 282 3033 911 3106; baseline 0.002 -19.027"><span class='ocrx_word' id='word_1_171' title='bbox 282 3037 376 3090; x_wconf 75' lang='lat' dir='ltr'>‘tiamz</span> <span class='ocrx_word' id='word_1_172' title='bbox 401 3036 445 3090; x_wconf 88' lang='lat' dir='ltr'>hic</span> <span class='ocrx_word' id='word_1_173' title='bbox 460 3036 604 3091; x_wconf 80' lang='lat' dir='ltr'>subseiiium</span> <span class='ocrx_word' id='word_1_174' title='bbox 617 3038 748 3106; x_wconf 63' lang='lat' dir='ltr'>quoddam</span> <span class='ocrx_word' id='word_1_175' title='bbox 768 3033 837 3083; x_wconf 55' lang='lat' dir='ltr'>enee</span> <span class='ocrx_word' id='word_1_176' title='bbox 848 3043 911 3088; x_wconf 50' lang='lat' dir='ltr'>*a*</span> 
     </span>
    </p>
   </div>
   <div class='ocr_carea' id='block_1_3' title="bbox 279 3095 946 3194">
    <p class='ocr_par' dir='ltr' id='par_1_3' title="bbox 279 3095 946 3194">
     <span class='ocr_line' id='line_1_32' title="bbox 279 3095 946 3194; baseline -0.008 -20.861"><span class='ocrx_word' id='word_1_177' title='bbox 279 3123 382 3184; x_wconf 71' lang='lat' dir='ltr'>‘naun</span> <span class='ocrx_word' id='word_1_178' title='bbox 396 3119 489 3177; x_wconf 80' lang='lat' dir='ltr'>dextra</span> <span class='ocrx_word' id='word_1_179' title='bbox 505 3120 603 3194; x_wconf 81' lang='lat' dir='ltr'>pedem</span> <span class='ocrx_word' id='word_1_180' title='bbox 611 3115 753 3182; x_wconf 61' lang='lat' dir='ltr'>deterunt</span> <span class='ocrx_word' id='word_1_181' title='bbox 762 3095 946 3157; x_wconf 53' lang='lat' dir='ltr'>adm*</span> 
     </span>
    </p>
   </div>
   <div class='ocr_carea' id='block_1_4' title="bbox 0 0 1226 3609">
    <p class='ocr_par' dir='ltr' id='par_1_4' title="bbox 0 0 1226 3609">
     <span class='ocr_line' id='line_1_33' title="bbox 0 0 1226 3609; baseline 0 8"><span class='ocrx_word' id='word_1_182' title='bbox 0 0 1226 3609; x_wconf 95' lang='lat' dir='ltr'> </span> 
     </span>
    </p>
   </div>
  </div>
 </body>
</html>
