2442 3609
655 304 673 325 'r

242 240 859 604 ..a
866 239 945 612 Ι

799 376 818 393 ,Γ

302 680 306 689 ·
344 666 400 717 An
420 662 691 723 HERENNIUM
712 675 770 714 ara.
786 673 834 712 ιιι.
863 666 895 725 ⁸³

294 757 497 823 eaquaenostria
509 755 721 813 animuinfieaeu.
733 751 899 805 etfimulcuna

294 834 444 901 cogitatione
451 845 518 885 nata.
537 832 705 885 artificiosaesr
717 849 747 885 ea
759 847 831 899 quam
838 846 898 880 con·

293 910 379 961 firmat
388 911 628 979 induliioquaedam,
640 921 665 960 et
677 910 739 961 ratio
746 907 897 975 praeceptio·

292 988 344 1037 nie.
363 987 403 1039 sed
418 991 476 1056 qnia
486 990 513 1039 in
527 988 627 1039 caeteris
636 989 707 1039 rebus
719 985 812 1053 ingenii
826 985 897 1037 boni-

294 1075 333 1114 tas
339 1064 450 1117 imitatur
461 1066 530 1133 saepe
537 1064 680 1124 dochinanr,
693 1080 732 1114 ars
738 1076 812 1130 porro
824 1073 898 1113 natu·

294 1154 335 1191 rae
345 1143 474 1193 commoda
488 1142 619 1192 confirmat
635 1153 661 1191 et
675 1152 762 1208 auget:
782 1139 817 1189 ita
830 1139 857 1189 fit
870 1140 899 1189 in

292 1216 342 1267 hac
351 1234 385 1277 re,
393 1230 421 1269 ut
428 1234 605 1285 nonnunquam
614 1216 733 1269 natiaralia
742 1215 869 1272 memoria,
881 1215 899 1265 fi

275 1356 279 1361 Ι
294 1295 334 1343 cui
343 1295 398 1345 data
404 1294 438 1345 est
445 1296 549 1363 egregia,
557 1293 674 1345 {imiliefit
681 1294 738 1345 huic
746 1291 897 1344 artificiosae.

291 1386 368 1437 porro
379 1371 441 1423 haec
453 1371 589 1429 artificiosa,
607 1381 709 1421 naturae
721 1370 848 1421 commoda
857 1385 896 1418 rc·

294 1446 365 1506 tinet,
381 1460 407 1499 et
420 1449 553 1517 amplificat
568 1448 663 1498 ratione
678 1449 808 1498 doeitinae.
835 1461 895 1513 qua·

291 1536 393 1591 propter
410 1538 436 1576 et
455 1524 574 1577 murraiis
589 1526 708 1575 memoria
727 1523 897 1591 praeceptione

291 1602 456 1653 confirmanda
462 1603 504 1662 est,
518 1615 546 1653 ut
552 1601 580 1652 fit
587 1601 698 1669 egregia:
719 1602 820 1660 etheree,
833 1615 896 1665 quae

291 1677 400 1729 doerrim
409 1681 487 1741 datur,
504 1679 595 1747 indiget
609 1679 711 1746 ingenii.
730 1695 775 1729 nec
788 1679 895 1728 hocma·

290 1756 336 1821 gis,
345 1768 387 1805 aut
398 1758 480 1808 minus
491 1756 571 1808 inhac
579 1772 614 1814 re,
629 1773 702 1822 quarn
714 1756 740 1806 in
748 1755 848 1806 caeteris
856 1770 895 1804 ar-

292 1833 355 1882 tibus
373 1833 408 1892 fit,
424 1846 451 1885 ut
461 1835 568 1900 ingenio,
582 1833 699 1891 doctrina,
716 1835 894 1900 praeceptione,

290 1923 378 1959 natura
385 1911 493 1961 nitescat.
512 1909 686 1977 quantillis,
700 1910 742 1975 qui
749 1923 835 1960 natura
842 1925 897 1959 me·

291 2001 373 2034 morea
382 1986 447 2045 sunt.
471 1986 539 2039 utilis
550 1986 609 2036 haec
623 1985 670 2035 erit
680 1986 812 2036 institutio:
822 1985 895 2053 ¹quod

290 2071 343 2110 tute
350 2062 423 2128 paulo
432 2063 484 2129 post
491 2064 583 2131 poteris
592 2061 739 2129 intelligere.
753 2063 819 2130 quod
831 2060 894 2113 fiilli

289 2136 349 2189 freti
363 2141 461 2207 ingenio
475 2140 555 2191 nostra
563 2139 731 2207 praeceptione
742 2156 792 2190 non
801 2139 894 2207 indige-

289 2230 353 2275 rent,
362 2229 444 2269 tamen
452 2217 515 2283 justa
522 2217 590 2267 causa
596 2217 701 2275 daretur,
714 2233 787 2284 quare
799 2217 836 2274 iis,
850 2215 894 2283 qui

289 2295 573 2362 minusingeniihabent,
580 2290 894 2358 adjumentovelimusess'e.

290 2388 356 2420 nunc
365 2373 394 2422 dc
407 2372 534 2422 artificiosa
544 2371 663 2421 memoria
669 2369 813 2437 ioquemur.
833 2388 897 2421 con·

290 2446 333 2496 stat
345 2449 419 2514 igitur
425 2447 552 2498 artificiosa
562 2448 681 2497 memoria
688 2463 719 2496 ex
728 2445 788 2496 locis
800 2460 825 2498 et
833 2449 893 2498 inra-

290 2525 396 2589 ginibus.
415 2526 483 2574 locos
496 2522 645 2590 appellamus
662 2539 712 2581 eos,
725 2524 767 2590 qui
782 2524 895 2582 breviter.

289 2598 530 2667 perfestainfignite,
551 2611 593 2650 aut
602 2604 698 2660 natura,
706 2612 749 2650 aut
757 2603 897 2653 manusunr

290 2673 399 2735 absoluti,
411 2691 437 2726 ut
446 2695 487 2727 eos
496 2674 567 2726 facile
582 2676 687 2727 naturali
701 2678 895 2730 memoriamm-

289 2753 438 2820 prehendere
448 2765 472 2803 et
485 2753 597 2821 amplecti
605 2770 729 2821 queamus,
738 2768 765 2805 ut
773 2755 849 2816 aedes,
856 2758 895 2808 in-

290 2829 488 2888 tercolumnium,
507 2831 632 2899 angulum,
652 2831 781 2892 fornicem,
801 2845 826 2882 et
840 2833 896 2893 alia.

288 2926 351 2975 quae
368 2909 407 2958 hia
424 2907 509 2958 umffia
521 2908 587 2959 sunt.
608 2909 726 2976 imagines
739 2908 794 2958 sunt
802 2909 896 2962 formae

285 2986 414 3053 quaedam,
422 2998 540 3046 truncae,
547 2984 715 3038 eaiimxuacea
722 2985 923 3048 &paoem

280 3064 425 3121 muminiffe
439 3065 585 3120 volumus:
605 3063 680 3132 quoa
691 3075 790 3129 genus„
804 3043 950 3112 QWQ'
