<?xml version="1.0" encoding="UTF-8"?>
<!DOCTYPE html PUBLIC "-//W3C//DTD XHTML 1.0 Transitional//EN"
    "http://www.w3.org/TR/xhtml1/DTD/xhtml1-transitional.dtd">
<html xmlns="http://www.w3.org/1999/xhtml" xml:lang="en" lang="en">
 <head>
  <title>
</title>
<meta http-equiv="Content-Type" content="text/html;charset=utf-8" />
  <meta name='ocr-system' content='tesseract 3.04.00' />
  <meta name='ocr-capabilities' content='ocr_page ocr_carea ocr_par ocr_line ocrx_word'/>
</head>
<body>
  <div class='ocr_page' id='page_1' title='image "./mtulliiciceroni24cicegoog_0259.png"; bbox 0 0 2442 3609; ppageno 0'>
   <div class='ocr_carea' id='block_1_1' title="bbox 355 640 907 704">
    <p class='ocr_par' dir='ltr' id='par_1_1' title="bbox 355 640 907 704">
     <span class='ocr_line' id='line_1_1' title="bbox 355 640 907 704; baseline -0.002 -13"><span class='ocrx_word' id='word_1_1' title='bbox 355 640 842 692; x_wconf 77' lang='lat' dir='ltr'>ADHERENNIUML11.11.</span> <span class='ocrx_word' id='word_1_2' title='bbox 872 660 907 704; x_wconf 69' lang='grc' dir='ltr'><strong>μ</strong></span> 
     </span>
    </p>
   </div>
   <div class='ocr_carea' id='block_1_2' title="bbox 283 729 950 3132">
    <p class='ocr_par' dir='ltr' id='par_1_2' title="bbox 283 729 950 3132">
     <span class='ocr_line' id='line_1_2' title="bbox 303 729 914 799; baseline -0.015 -12"><span class='ocrx_word' id='word_1_3' title='bbox 303 733 370 787; x_wconf 81' lang='lat' dir='ltr'>dicos</span> <span class='ocrx_word' id='word_1_4' title='bbox 379 730 519 784; x_wconf 75' lang='lat' dir='ltr'>confinxiss&#39;e</span> <span class='ocrx_word' id='word_1_5' title='bbox 527 734 635 783; x_wconf 77' lang='lat' dir='ltr'>dicemus</span> <span class='ocrx_word' id='word_1_6' title='bbox 646 751 653 794; x_wconf 86' lang='lat'>;</span> <span class='ocrx_word' id='word_1_7' title='bbox 663 744 688 782; x_wconf 91' lang='lat' dir='ltr'>et</span> <span class='ocrx_word' id='word_1_8' title='bbox 699 745 741 783; x_wconf 90' lang='lat' dir='ltr'>ant</span> <span class='ocrx_word' id='word_1_9' title='bbox 754 730 860 799; x_wconf 77' lang='lat' dir='ltr'>aliquam</span> <span class='ocrx_word' id='word_1_10' title='bbox 871 729 914 779; x_wconf 84' lang='lat' dir='ltr'>fic·</span> 
     </span>
     <span class='ocr_line' id='line_1_3' title="bbox 304 809 915 875; baseline -0.011 -11"><span class='ocrx_word' id='word_1_11' title='bbox 304 825 358 865; x_wconf 86' lang='lat' dir='ltr'>tam</span> <span class='ocrx_word' id='word_1_12' title='bbox 368 809 477 861; x_wconf 83' lang='lat' dir='ltr'>fabulam</span> <span class='ocrx_word' id='word_1_13' title='bbox 486 811 513 860; x_wconf 90' lang='lat' dir='ltr'>in</span> <span class='ocrx_word' id='word_1_14' title='bbox 524 809 673 861; x_wconf 83' lang='lat' dir='ltr'>adversarios</span> <span class='ocrx_word' id='word_1_15' title='bbox 683 810 819 868; x_wconf 82' lang='lat' dir='ltr'>afferemus,</span> <span class='ocrx_word' id='word_1_16' title='bbox 840 824 915 875; x_wconf 75' lang='lat' dir='ltr'>quam</span> 
     </span>
     <span class='ocr_line' id='line_1_4' title="bbox 303 886 912 952; baseline -0.013 -9"><span class='ocrx_word' id='word_1_17' title='bbox 303 889 415 943; x_wconf 80' lang='lat' dir='ltr'>dicamus</span> <span class='ocrx_word' id='word_1_18' title='bbox 424 890 538 939; x_wconf 87' lang='lat' dir='ltr'>omnibus</span> <span class='ocrx_word' id='word_1_19' title='bbox 548 890 575 939; x_wconf 89' lang='lat' dir='ltr'>in</span> <span class='ocrx_word' id='word_1_20' title='bbox 584 905 627 940; x_wconf 90' lang='lat' dir='ltr'>ore</span> <span class='ocrx_word' id='word_1_21' title='bbox 637 886 682 940; x_wconf 83' lang='lat' dir='ltr'>elle</span> <span class='ocrx_word' id='word_1_22' title='bbox 692 908 701 952; x_wconf 70' lang='lat'><em>5</em></span> <span class='ocrx_word' id='word_1_23' title='bbox 722 901 763 939; x_wconf 89' lang='lat' dir='ltr'>aut</span> <span class='ocrx_word' id='word_1_24' title='bbox 774 904 860 937; x_wconf 82' lang='lat' dir='ltr'>verum</span> <span class='ocrx_word' id='word_1_25' title='bbox 871 901 912 936; x_wconf 86' lang='lat' dir='ltr'>ru·</span> 
     </span>
     <span class='ocr_line' id='line_1_5' title="bbox 306 964 914 1035; baseline -0.01 -18"><span class='ocrx_word' id='word_1_26' title='bbox 306 983 402 1017; x_wconf 83' lang='lat' dir='ltr'>morem</span> <span class='ocrx_word' id='word_1_27' title='bbox 412 964 572 1034; x_wconf 77' lang='lat' dir='ltr'>proferemus,</span> <span class='ocrx_word' id='word_1_28' title='bbox 593 968 636 1035; x_wconf 91' lang='lat' dir='ltr'>qui</span> <span class='ocrx_word' id='word_1_29' title='bbox 645 966 693 1017; x_wconf 87' lang='lat' dir='ltr'>illis</span> <span class='ocrx_word' id='word_1_30' title='bbox 707 966 797 1034; x_wconf 84' lang='lat' dir='ltr'>aliquid</span> <span class='ocrx_word' id='word_1_31' title='bbox 807 965 914 1030; x_wconf 86' lang='lat' dir='ltr'>turpitu-</span> 
     </span>
     <span class='ocr_line' id='line_1_6' title="bbox 306 1041 913 1112; baseline -0.005 -18"><span class='ocrx_word' id='word_1_32' title='bbox 306 1044 370 1094; x_wconf 81' lang='lat' dir='ltr'>dinis</span> <span class='ocrx_word' id='word_1_33' title='bbox 379 1042 470 1102; x_wconf 80' lang='lat' dir='ltr'>afferat,</span> <span class='ocrx_word' id='word_1_34' title='bbox 488 1062 567 1112; x_wconf 86' lang='lat' dir='ltr'>neque</span> <span class='ocrx_word' id='word_1_35' title='bbox 578 1056 661 1095; x_wconf 86' lang='lat' dir='ltr'>tamen</span> <span class='ocrx_word' id='word_1_36' title='bbox 681 1044 704 1094; x_wconf 89' lang='lat' dir='ltr'>ei</span> <span class='ocrx_word' id='word_1_37' title='bbox 720 1045 814 1094; x_wconf 86' lang='lat' dir='ltr'>rumori</span> <span class='ocrx_word' id='word_1_38' title='bbox 828 1059 873 1092; x_wconf 86' lang='lat' dir='ltr'>nos</span> <span class='ocrx_word' id='word_1_39' title='bbox 884 1041 913 1091; x_wconf 85' lang='lat' dir='ltr'>fi-</span> 
     </span>
     <span class='ocr_line' id='line_1_7' title="bbox 306 1121 912 1189; baseline -0.007 -16"><span class='ocrx_word' id='word_1_40' title='bbox 306 1122 363 1173; x_wconf 79' lang='lat' dir='ltr'>dem</span> <span class='ocrx_word' id='word_1_41' title='bbox 371 1123 459 1173; x_wconf 86' lang='lat' dir='ltr'>habere</span> <span class='ocrx_word' id='word_1_42' title='bbox 469 1122 575 1173; x_wconf 78' lang='lat' dir='ltr'>dicemus</span> <span class='ocrx_word' id='word_1_43' title='bbox 584 1142 592 1184; x_wconf 65' lang='grc' dir='ltr'><strong>ς</strong></span> <span class='ocrx_word' id='word_1_44' title='bbox 606 1122 661 1172; x_wconf 84' lang='lat' dir='ltr'>ideo</span> <span class='ocrx_word' id='word_1_45' title='bbox 670 1122 735 1188; x_wconf 87' lang='lat' dir='ltr'>quod</span> <span class='ocrx_word' id='word_1_46' title='bbox 745 1123 824 1189; x_wconf 86' lang='lat' dir='ltr'>quivis</span> <span class='ocrx_word' id='word_1_47' title='bbox 833 1121 912 1169; x_wconf 86' lang='lat' dir='ltr'>homo</span> 
     </span>
     <span class='ocr_line' id='line_1_8' title="bbox 306 1197 913 1267; baseline 0 -18"><span class='ocrx_word' id='word_1_48' title='bbox 306 1197 377 1267; x_wconf 87' lang='lat' dir='ltr'>pollit</span> <span class='ocrx_word' id='word_1_49' title='bbox 385 1198 497 1266; x_wconf 83' lang='lat' dir='ltr'>quemvis</span> <span class='ocrx_word' id='word_1_50' title='bbox 511 1212 607 1266; x_wconf 86' lang='lat' dir='ltr'>turpem</span> <span class='ocrx_word' id='word_1_51' title='bbox 629 1199 656 1248; x_wconf 90' lang='lat' dir='ltr'>de</span> <span class='ocrx_word' id='word_1_52' title='bbox 670 1198 777 1267; x_wconf 87' lang='lat' dir='ltr'>quolibet</span> <span class='ocrx_word' id='word_1_53' title='bbox 789 1213 913 1249; x_wconf 82' lang='lat' dir='ltr'>rumorem</span> 
     </span>
     <span class='ocr_line' id='line_1_9' title="bbox 307 1275 914 1342; baseline -0.003 -17"><span class='ocrx_word' id='word_1_54' title='bbox 307 1275 426 1342; x_wconf 83' lang='lat' dir='ltr'>proferre,</span> <span class='ocrx_word' id='word_1_55' title='bbox 444 1288 469 1325; x_wconf 92' lang='lat' dir='ltr'>et</span> <span class='ocrx_word' id='word_1_56' title='bbox 479 1277 602 1327; x_wconf 75' lang='lat' dir='ltr'>confictam</span> <span class='ocrx_word' id='word_1_57' title='bbox 614 1275 721 1326; x_wconf 85' lang='lat' dir='ltr'>fabulam</span> <span class='ocrx_word' id='word_1_58' title='bbox 733 1276 852 1342; x_wconf 85' lang='lat' dir='ltr'>diffipare.</span> <span class='ocrx_word' id='word_1_59' title='bbox 871 1291 914 1323; x_wconf 89' lang='lat' dir='ltr'>ve-</span> 
     </span>
     <span class='ocr_line' id='line_1_10' title="bbox 307 1349 915 1418; baseline -0.007 -14"><span class='ocrx_word' id='word_1_60' title='bbox 307 1364 440 1404; x_wconf 82' lang='lat' dir='ltr'>runtamen</span> <span class='ocrx_word' id='word_1_61' title='bbox 450 1352 467 1403; x_wconf 87' lang='lat' dir='ltr'>li</span> <span class='ocrx_word' id='word_1_62' title='bbox 477 1349 915 1418; x_wconf 78' lang='lat' dir='ltr'>mmorvehementerprobabitiseffe</span> 
     </span>
     <span class='ocr_line' id='line_1_11' title="bbox 306 1429 913 1498; baseline -0.005 -17"><span class='ocrx_word' id='word_1_63' title='bbox 306 1431 434 1489; x_wconf 81' lang='lat' dir='ltr'>videbitur,</span> <span class='ocrx_word' id='word_1_64' title='bbox 446 1432 639 1498; x_wconf 83' lang='lat' dir='ltr'>argumentando</span> <span class='ocrx_word' id='word_1_65' title='bbox 649 1431 729 1480; x_wconf 88' lang='lat' dir='ltr'>famae</span> <span class='ocrx_word' id='word_1_66' title='bbox 737 1429 810 1491; x_wconf 81' lang='lat' dir='ltr'>fidem</span> <span class='ocrx_word' id='word_1_67' title='bbox 820 1429 913 1495; x_wconf 90' lang='lat' dir='ltr'>poteri·</span> 
     </span>
     <span class='ocr_line' id='line_1_12' title="bbox 306 1507 916 1576; baseline -0.007 -15"><span class='ocrx_word' id='word_1_68' title='bbox 306 1525 362 1561; x_wconf 84' lang='lat' dir='ltr'>mus</span> <span class='ocrx_word' id='word_1_69' title='bbox 373 1510 496 1576; x_wconf 85' lang='lat' dir='ltr'>abrogare.</span> <span class='ocrx_word' id='word_1_70' title='bbox 507 1509 573 1575; x_wconf 92' lang='lat' dir='ltr'>quod</span> <span class='ocrx_word' id='word_1_71' title='bbox 582 1521 605 1559; x_wconf 92' lang='lat' dir='ltr'>et</span> <span class='ocrx_word' id='word_1_72' title='bbox 617 1507 756 1563; x_wconf 83' lang='lat' dir='ltr'>difficillima</span> <span class='ocrx_word' id='word_1_73' title='bbox 767 1509 872 1556; x_wconf 71' lang='lat' dir='ltr'>traciam</span> <span class='ocrx_word' id='word_1_74' title='bbox 882 1507 916 1557; x_wconf 88' lang='lat' dir='ltr'>est</span> 
     </span>
     <span class='ocr_line' id='line_1_13' title="bbox 308 1584 914 1651; baseline -0.007 -14"><span class='ocrx_word' id='word_1_75' title='bbox 308 1586 451 1637; x_wconf 83' lang='lat' dir='ltr'>constitutio</span> <span class='ocrx_word' id='word_1_76' title='bbox 459 1585 662 1651; x_wconf 51' lang='lat' dir='ltr'>conjecturalis&amp;</span> <span class='ocrx_word' id='word_1_77' title='bbox 670 1589 696 1636; x_wconf 93' lang='lat' dir='ltr'>in</span> <span class='ocrx_word' id='word_1_78' title='bbox 706 1586 769 1636; x_wconf 86' lang='lat' dir='ltr'>veris</span> <span class='ocrx_word' id='word_1_79' title='bbox 780 1584 854 1634; x_wconf 80' lang='lat' dir='ltr'>cansrs</span> <span class='ocrx_word' id='word_1_80' title='bbox 864 1584 914 1634; x_wconf 89' lang='lat' dir='ltr'>sae·</span> 
     </span>
     <span class='ocr_line' id='line_1_14' title="bbox 308 1664 916 1730; baseline -0.003 -17"><span class='ocrx_word' id='word_1_81' title='bbox 308 1664 400 1729; x_wconf 79' lang='lat' dir='ltr'>piffime</span> <span class='ocrx_word' id='word_1_82' title='bbox 410 1666 532 1715; x_wconf 67' lang='lat' dir='ltr'>tracianda</span> <span class='ocrx_word' id='word_1_83' title='bbox 542 1665 582 1723; x_wconf 80' lang='lat' dir='ltr'>est,</span> <span class='ocrx_word' id='word_1_84' title='bbox 603 1683 633 1714; x_wconf 90' lang='lat' dir='ltr'>eo</span> <span class='ocrx_word' id='word_1_85' title='bbox 643 1664 781 1730; x_wconf 82' lang='lat' dir='ltr'>diligentius</span> <span class='ocrx_word' id='word_1_86' title='bbox 790 1679 878 1712; x_wconf 87' lang='lat' dir='ltr'>omnes</span> <span class='ocrx_word' id='word_1_87' title='bbox 888 1681 916 1712; x_wconf 91' lang='lat' dir='ltr'>e-</span> 
     </span>
     <span class='ocr_line' id='line_1_15' title="bbox 306 1739 916 1807; baseline -0.003 -17"><span class='ocrx_word' id='word_1_88' title='bbox 306 1741 348 1806; x_wconf 81' lang='lat' dir='ltr'>jus</span> <span class='ocrx_word' id='word_1_89' title='bbox 357 1752 437 1807; x_wconf 87' lang='lat' dir='ltr'>partes</span> <span class='ocrx_word' id='word_1_90' title='bbox 451 1742 593 1807; x_wconf 85' lang='lat' dir='ltr'>perscrutati</span> <span class='ocrx_word' id='word_1_91' title='bbox 603 1741 703 1803; x_wconf 83' lang='lat' dir='ltr'>sumus;</span> <span class='ocrx_word' id='word_1_92' title='bbox 724 1754 751 1791; x_wconf 92' lang='lat' dir='ltr'>ut</span> <span class='ocrx_word' id='word_1_93' title='bbox 765 1758 795 1790; x_wconf 85' lang='lat' dir='ltr'>ne</span> <span class='ocrx_word' id='word_1_94' title='bbox 813 1739 916 1807; x_wconf 86' lang='lat' dir='ltr'>parvula</span> 
     </span>
     <span class='ocr_line' id='line_1_16' title="bbox 307 1817 915 1884; baseline 0 -18"><span class='ocrx_word' id='word_1_95' title='bbox 307 1819 405 1884; x_wconf 86' lang='lat' dir='ltr'>quidem</span> <span class='ocrx_word' id='word_1_96' title='bbox 415 1819 561 1868; x_wconf 87' lang='lat' dir='ltr'>titubatione</span> <span class='ocrx_word' id='word_1_97' title='bbox 579 1831 621 1868; x_wconf 89' lang='lat' dir='ltr'>aut</span> <span class='ocrx_word' id='word_1_98' title='bbox 639 1817 768 1868; x_wconf 81' lang='lat' dir='ltr'>offenfione</span> <span class='ocrx_word' id='word_1_99' title='bbox 787 1819 915 1882; x_wconf 88' lang='lat' dir='ltr'>impedire·</span> 
     </span>
     <span class='ocr_line' id='line_1_17' title="bbox 308 1894 915 1961; baseline -0.002 -17"><span class='ocrx_word' id='word_1_100' title='bbox 308 1911 373 1950; x_wconf 85' lang='lat' dir='ltr'>mur.</span> <span class='ocrx_word' id='word_1_101' title='bbox 392 1894 409 1943; x_wconf 87' lang='lat' dir='ltr'>st</span> <span class='ocrx_word' id='word_1_102' title='bbox 420 1896 448 1945; x_wconf 87' lang='lat' dir='ltr'>ad</span> <span class='ocrx_word' id='word_1_103' title='bbox 457 1896 521 1944; x_wconf 86' lang='lat' dir='ltr'>hanc</span> <span class='ocrx_word' id='word_1_104' title='bbox 530 1897 651 1945; x_wconf 90' lang='lat' dir='ltr'>rationem</span> <span class='ocrx_word' id='word_1_105' title='bbox 662 1895 845 1961; x_wconf 81' lang='lat' dir='ltr'>praeceptionis,</span> <span class='ocrx_word' id='word_1_106' title='bbox 863 1895 915 1943; x_wconf 84' lang='lat' dir='ltr'>affi-</span> 
     </span>
     <span class='ocr_line' id='line_1_18' title="bbox 309 1972 915 2023; baseline 0 -3"><span class='ocrx_word' id='word_1_107' title='bbox 309 1972 426 2023; x_wconf 84' lang='lat' dir='ltr'>duitatcm</span> <span class='ocrx_word' id='word_1_108' title='bbox 456 1974 637 2023; x_wconf 77' lang='lat' dir='ltr'>exercitationis</span> <span class='ocrx_word' id='word_1_109' title='bbox 667 1972 915 2022; x_wconf 87' lang='lat' dir='ltr'>accommodaremus.</span> 
     </span>
     <span class='ocr_line' id='line_1_19' title="bbox 308 2048 912 2116; baseline -0.002 -17"><span class='ocrx_word' id='word_1_110' title='bbox 308 2065 377 2099; x_wconf 89' lang='lat' dir='ltr'>nunc</span> <span class='ocrx_word' id='word_1_111' title='bbox 386 2052 416 2101; x_wconf 82' lang='lat' dir='ltr'>ad</span> <span class='ocrx_word' id='word_1_112' title='bbox 426 2048 547 2116; x_wconf 83' lang='lat' dir='ltr'>legitimae</span> <span class='ocrx_word' id='word_1_113' title='bbox 557 2050 734 2101; x_wconf 81' lang='lat' dir='ltr'>constitutionis</span> <span class='ocrx_word' id='word_1_114' title='bbox 744 2061 824 2115; x_wconf 83' lang='lat' dir='ltr'>partes</span> <span class='ocrx_word' id='word_1_115' title='bbox 834 2049 912 2098; x_wconf 87' lang='lat' dir='ltr'>trans-</span> 
     </span>
     <span class='ocr_line' id='line_1_20' title="bbox 283 2126 915 2194; baseline -0.006 -14"><span class='ocrx_word' id='word_1_116' title='bbox 283 2134 298 2180; x_wconf 83' lang='lat'>9</span> <span class='ocrx_word' id='word_1_117' title='bbox 307 2145 400 2180; x_wconf 86' lang='lat' dir='ltr'>eamus.</span> <span class='ocrx_word' id='word_1_118' title='bbox 442 2133 505 2177; x_wconf 85' lang='lat' dir='ltr'>Cum</span> <span class='ocrx_word' id='word_1_119' title='bbox 516 2126 630 2179; x_wconf 86' lang='lat' dir='ltr'>voluntas</span> <span class='ocrx_word' id='word_1_120' title='bbox 642 2128 763 2194; x_wconf 88' lang='lat' dir='ltr'>scriptoris</span> <span class='ocrx_word' id='word_1_121' title='bbox 773 2144 828 2177; x_wconf 90' lang='lat' dir='ltr'>cum</span> <span class='ocrx_word' id='word_1_122' title='bbox 838 2127 915 2192; x_wconf 86' lang='lat' dir='ltr'>scrip·</span> 
     </span>
     <span class='ocr_line' id='line_1_21' title="bbox 307 2205 914 2271; baseline -0.002 -15"><span class='ocrx_word' id='word_1_123' title='bbox 307 2218 334 2256; x_wconf 82' lang='lat' dir='ltr'>to</span> <span class='ocrx_word' id='word_1_124' title='bbox 345 2206 450 2257; x_wconf 82' lang='lat' dir='ltr'>diffidere</span> <span class='ocrx_word' id='word_1_125' title='bbox 460 2205 588 2265; x_wconf 82' lang='lat' dir='ltr'>videbitur,</span> <span class='ocrx_word' id='word_1_126' title='bbox 599 2205 616 2255; x_wconf 82' lang='lat' dir='ltr'>fi</span> <span class='ocrx_word' id='word_1_127' title='bbox 629 2206 741 2271; x_wconf 87' lang='lat' dir='ltr'>ascripto</span> <span class='ocrx_word' id='word_1_128' title='bbox 751 2205 866 2263; x_wconf 87' lang='lat' dir='ltr'>dicemus,</span> <span class='ocrx_word' id='word_1_129' title='bbox 875 2205 914 2255; x_wconf 87' lang='lat' dir='ltr'>his</span> 
     </span>
     <span class='ocr_line' id='line_1_22' title="bbox 307 2281 913 2348; baseline -0.002 -16"><span class='ocrx_word' id='word_1_130' title='bbox 307 2281 607 2341; x_wconf 68' lang='lat' dir='ltr'>locisutemursecundum</span> <span class='ocrx_word' id='word_1_131' title='bbox 617 2286 780 2336; x_wconf 81' lang='lat' dir='ltr'>narrationem</span> <span class='ocrx_word' id='word_1_132' title='bbox 790 2301 796 2331; x_wconf 89' lang='lat'><strong>:</strong></span> <span class='ocrx_word' id='word_1_133' title='bbox 805 2284 913 2348; x_wconf 86' lang='lat' dir='ltr'>primum</span> 
     </span>
     <span class='ocr_line' id='line_1_23' title="bbox 308 2359 914 2425; baseline -0.007 -15"><span class='ocrx_word' id='word_1_134' title='bbox 308 2359 433 2425; x_wconf 85' lang='lat' dir='ltr'>scriptoris</span> <span class='ocrx_word' id='word_1_135' title='bbox 443 2359 622 2411; x_wconf 83' lang='lat' dir='ltr'>collaudatione</span> <span class='ocrx_word' id='word_1_136' title='bbox 634 2378 639 2409; x_wconf 91' lang='lat'>:</span> <span class='ocrx_word' id='word_1_137' title='bbox 661 2360 744 2409; x_wconf 81' lang='lat' dir='ltr'>deinde</span> <span class='ocrx_word' id='word_1_138' title='bbox 755 2359 836 2423; x_wconf 90' lang='lat' dir='ltr'>scripti</span> <span class='ocrx_word' id='word_1_139' title='bbox 853 2360 914 2407; x_wconf 82' lang='lat' dir='ltr'>teci·</span> 
     </span>
     <span class='ocr_line' id='line_1_24' title="bbox 310 2436 915 2503; baseline -0.002 -18"><span class='ocrx_word' id='word_1_140' title='bbox 310 2438 402 2485; x_wconf 83' lang='lat' dir='ltr'>tatione</span> <span class='ocrx_word' id='word_1_141' title='bbox 415 2455 420 2487; x_wconf 94' lang='lat'><strong>:</strong></span> <span class='ocrx_word' id='word_1_142' title='bbox 432 2437 518 2485; x_wconf 85' lang='lat' dir='ltr'>deinde</span> <span class='ocrx_word' id='word_1_143' title='bbox 529 2438 734 2503; x_wconf 66' lang='lat' dir='ltr'>percunilatione,</span> <span class='ocrx_word' id='word_1_144' title='bbox 744 2436 863 2485; x_wconf 85' lang='lat' dir='ltr'>scirentne</span> <span class='ocrx_word' id='word_1_145' title='bbox 873 2436 915 2484; x_wconf 90' lang='lat' dir='ltr'>ad·</span> 
     </span>
     <span class='ocr_line' id='line_1_25' title="bbox 309 2511 915 2580; baseline 0 -20"><span class='ocrx_word' id='word_1_146' title='bbox 309 2511 407 2561; x_wconf 84' lang='lat' dir='ltr'>versarii</span> <span class='ocrx_word' id='word_1_147' title='bbox 420 2513 444 2562; x_wconf 91' lang='lat' dir='ltr'>id</span> <span class='ocrx_word' id='word_1_148' title='bbox 451 2512 565 2578; x_wconf 85' lang='lat' dir='ltr'>scriptum</span> <span class='ocrx_word' id='word_1_149' title='bbox 576 2511 644 2563; x_wconf 71' lang='lat' dir='ltr'>fuine</span> <span class='ocrx_word' id='word_1_150' title='bbox 652 2514 678 2563; x_wconf 86' lang='lat' dir='ltr'>in</span> <span class='ocrx_word' id='word_1_151' title='bbox 689 2514 750 2580; x_wconf 85' lang='lat' dir='ltr'>lege,</span> <span class='ocrx_word' id='word_1_152' title='bbox 761 2524 800 2561; x_wconf 87' lang='lat' dir='ltr'>aut</span> <span class='ocrx_word' id='word_1_153' title='bbox 811 2514 836 2560; x_wconf 88' lang='lat' dir='ltr'>in</span> <span class='ocrx_word' id='word_1_154' title='bbox 844 2512 915 2560; x_wconf 81' lang='lat' dir='ltr'>tella-</span> 
     </span>
     <span class='ocr_line' id='line_1_26' title="bbox 309 2589 916 2655; baseline -0.002 -16"><span class='ocrx_word' id='word_1_155' title='bbox 309 2601 403 2646; x_wconf 85' lang='lat' dir='ltr'>mento‚</span> <span class='ocrx_word' id='word_1_156' title='bbox 421 2601 462 2638; x_wconf 91' lang='lat' dir='ltr'>aut</span> <span class='ocrx_word' id='word_1_157' title='bbox 482 2591 507 2639; x_wconf 87' lang='lat' dir='ltr'>in</span> <span class='ocrx_word' id='word_1_158' title='bbox 524 2589 684 2655; x_wconf 81' lang='lat' dir='ltr'>stipulatione,</span> <span class='ocrx_word' id='word_1_159' title='bbox 706 2602 747 2639; x_wconf 90' lang='lat' dir='ltr'>aut</span> <span class='ocrx_word' id='word_1_160' title='bbox 764 2591 790 2638; x_wconf 87' lang='lat' dir='ltr'>in</span> <span class='ocrx_word' id='word_1_161' title='bbox 808 2589 916 2655; x_wconf 89' lang='lat' dir='ltr'>quolibet</span> 
     </span>
     <span class='ocr_line' id='line_1_27' title="bbox 308 2665 914 2734; baseline -0.002 -18"><span class='ocrx_word' id='word_1_162' title='bbox 308 2665 408 2732; x_wconf 86' lang='lat' dir='ltr'>scripto,</span> <span class='ocrx_word' id='word_1_163' title='bbox 418 2666 482 2732; x_wconf 89' lang='lat' dir='ltr'>qnod</span> <span class='ocrx_word' id='word_1_164' title='bbox 493 2667 521 2717; x_wconf 87' lang='lat' dir='ltr'>ad</span> <span class='ocrx_word' id='word_1_165' title='bbox 530 2668 631 2717; x_wconf 88' lang='lat' dir='ltr'>eandem</span> <span class='ocrx_word' id='word_1_166' title='bbox 642 2685 694 2718; x_wconf 87' lang='lat' dir='ltr'>rem</span> <span class='ocrx_word' id='word_1_167' title='bbox 705 2667 833 2734; x_wconf 85' lang='lat' dir='ltr'>pertineat.</span> <span class='ocrx_word' id='word_1_168' title='bbox 845 2668 914 2717; x_wconf 85' lang='lat' dir='ltr'>dein-</span> 
     </span>
     <span class='ocr_line' id='line_1_28' title="bbox 307 2742 914 2812; baseline -0.002 -17"><span class='ocrx_word' id='word_1_169' title='bbox 307 2743 338 2795; x_wconf 84' lang='lat' dir='ltr'>de</span> <span class='ocrx_word' id='word_1_170' title='bbox 348 2742 486 2803; x_wconf 85' lang='lat' dir='ltr'>collatione,</span> <span class='ocrx_word' id='word_1_171' title='bbox 497 2744 554 2811; x_wconf 89' lang='lat' dir='ltr'>qnid</span> <span class='ocrx_word' id='word_1_172' title='bbox 567 2744 683 2812; x_wconf 86' lang='lat' dir='ltr'>scriptn&#39;m</span> <span class='ocrx_word' id='word_1_173' title='bbox 694 2746 729 2803; x_wconf 81' lang='lat' dir='ltr'>stt,</span> <span class='ocrx_word' id='word_1_174' title='bbox 739 2745 796 2812; x_wconf 88' lang='lat' dir='ltr'>quid</span> <span class='ocrx_word' id='word_1_175' title='bbox 807 2744 914 2795; x_wconf 86' lang='lat' dir='ltr'>adversa·</span> 
     </span>
     <span class='ocr_line' id='line_1_29' title="bbox 308 2820 914 2891; baseline -0.002 -18"><span class='ocrx_word' id='word_1_176' title='bbox 308 2821 338 2873; x_wconf 87' lang='lat' dir='ltr'>rii</span> <span class='ocrx_word' id='word_1_177' title='bbox 352 2820 463 2872; x_wconf 79' lang='lat' dir='ltr'>sefecisse</span> <span class='ocrx_word' id='word_1_178' title='bbox 474 2823 553 2872; x_wconf 86' lang='lat' dir='ltr'>dicant</span> <span class='ocrx_word' id='word_1_179' title='bbox 563 2842 569 2884; x_wconf 87' lang='lat'>;</span> <span class='ocrx_word' id='word_1_180' title='bbox 590 2824 647 2891; x_wconf 85' lang='lat' dir='ltr'>qnid</span> <span class='ocrx_word' id='word_1_181' title='bbox 658 2824 764 2889; x_wconf 81' lang='lat' dir='ltr'>judicem</span> <span class='ocrx_word' id='word_1_182' title='bbox 776 2821 841 2888; x_wconf 84' lang='lat' dir='ltr'>sequi</span> <span class='ocrx_word' id='word_1_183' title='bbox 855 2840 914 2873; x_wconf 86' lang='lat' dir='ltr'>con-</span> 
     </span>
     <span class='ocr_line' id='line_1_30' title="bbox 308 2900 932 2970; baseline -0.008 -23"><span class='ocrx_word' id='word_1_184' title='bbox 308 2901 399 2957; x_wconf 81' lang='lat' dir='ltr'>veniat,</span> <span class='ocrx_word' id='word_1_185' title='bbox 408 2912 490 2950; x_wconf 87' lang='lat' dir='ltr'>utrum</span> <span class='ocrx_word' id='word_1_186' title='bbox 502 2901 534 2959; x_wconf 84' lang='lat' dir='ltr'>id,</span> <span class='ocrx_word' id='word_1_187' title='bbox 544 2903 611 2969; x_wconf 83' lang='lat' dir='ltr'>qnod</span> <span class='ocrx_word' id='word_1_188' title='bbox 619 2901 749 2970; x_wconf 67' lang='lat' dir='ltr'>diligenter</span> <span class='ocrx_word' id='word_1_189' title='bbox 759 2900 932 2964; x_wconf 63' lang='lat' dir='ltr'>perleixpmm</span> 
     </span>
     <span class='ocr_line' id='line_1_31' title="bbox 304 2964 950 3049; baseline 0.012 -27"><span class='ocrx_word' id='word_1_190' title='bbox 304 2973 340 3031; x_wconf 78' lang='lat' dir='ltr'>fit,</span> <span class='ocrx_word' id='word_1_191' title='bbox 351 2993 382 3026; x_wconf 89' lang='lat' dir='ltr'>an</span> <span class='ocrx_word' id='word_1_192' title='bbox 393 2977 425 3038; x_wconf 83' lang='lat' dir='ltr'>id,</span> <span class='ocrx_word' id='word_1_193' title='bbox 434 2979 502 3047; x_wconf 88' lang='lat' dir='ltr'>quod</span> <span class='ocrx_word' id='word_1_194' title='bbox 512 2995 585 3032; x_wconf 83' lang='lat' dir='ltr'>acute</span> <span class='ocrx_word' id='word_1_195' title='bbox 594 2981 628 3032; x_wconf 75' lang='lat' dir='ltr'>sn</span> <span class='ocrx_word' id='word_1_196' title='bbox 636 2980 817 3046; x_wconf 62' lang='lat' dir='ltr'>excogitatnm</span> <span class='ocrx_word' id='word_1_197' title='bbox 828 2990 842 3030; x_wconf 62' lang='lat' dir='ltr'>&#39;s</span> <span class='ocrx_word' id='word_1_198' title='bbox 860 2964 950 3049; x_wconf 40' lang='lat' dir='ltr'>Q&amp;</span> 
     </span>
     <span class='ocr_line' id='line_1_32' title="bbox 296 3041 950 3132; baseline -0.008 -32"><span class='ocrx_word' id='word_1_199' title='bbox 296 3064 325 3099; x_wconf 83' lang='lat' dir='ltr'>ea</span> <span class='ocrx_word' id='word_1_200' title='bbox 332 3048 468 3119; x_wconf 76' lang='lat' dir='ltr'>sententia,</span> <span class='ocrx_word' id='word_1_201' title='bbox 481 3078 550 3132; x_wconf 85' lang='lat' dir='ltr'>quae</span> <span class='ocrx_word' id='word_1_202' title='bbox 558 3065 586 3115; x_wconf 84' lang='lat' dir='ltr'>ab</span> <span class='ocrx_word' id='word_1_203' title='bbox 596 3057 760 3114; x_wconf 63' lang='lat' dir='ltr'>adversariis</span> <span class='ocrx_word' id='word_1_204' title='bbox 767 3041 950 3103; x_wconf 51' lang='lat' dir='ltr'>intextum*</span> 
     </span>
    </p>
   </div>
   <div class='ocr_carea' id='block_1_3' title="bbox 673 3143 741 3198">
    <p class='ocr_par' dir='ltr' id='par_1_3' title="bbox 673 3143 741 3198">
     <span class='ocr_line' id='line_1_33' title="bbox 673 3143 741 3198; baseline 0.088 -6"><span class='ocrx_word' id='word_1_205' title='bbox 673 3143 741 3198; x_wconf 61' lang='lat' dir='ltr'>na</span> 
     </span>
    </p>
   </div>
   <div class='ocr_carea' id='block_1_4' title="bbox 0 0 1233 3609">
    <p class='ocr_par' dir='ltr' id='par_1_4' title="bbox 0 0 1233 3609">
     <span class='ocr_line' id='line_1_34' title="bbox 0 0 1233 3609; baseline 0 0"><span class='ocrx_word' id='word_1_206' title='bbox 0 0 1233 3609; x_wconf 95' lang='lat' dir='ltr'> </span> 
     </span>
    </p>
   </div>
  </div>
 </body>
</html>
