2442 3609
345 694 400 747 Au
421 692 691 745 liukart-rtrum
713 705 821 744 marr.
849 707 903 752 rac

295 783 360 844 vita,
376 797 401 836 et
419 786 502 836 odium
517 786 544 834 in
562 787 682 844 oratioue,
701 782 908 836 liinconfiderate

300 864 399 911 tractes.
406 878 489 928 quare.
502 862 707 927 quemadmodum
715 862 809 911 ratione
819 861 905 913 vivens

300 937 325 985 di
332 935 428 1003 fugitur
435 938 534 996 invidia.
544 938 575 987 fic
582 942 608 987 in
616 937 723 995 diceudo.
733 936 831 988 consilio
841 939 906 994 vita,

258 1017 292 1067 29
303 1024 344 1062 tur
351 1014 443 1062 odium.
493 1013 629 1080 Descriptio
635 1014 784 1071 nominatur.
797 1030 858 1080 quae
866 1029 906 1067 re,

301 1105 358 1138 rum
369 1089 567 1156 consequentium
584 1089 694 1138 continet
714 1090 864 1155 perspicuam
879 1103 907 1141 et

299 1165 428 1215 dilucidam
441 1181 497 1215 cum
517 1167 637 1232 gravitate
653 1154 837 1230 expolitionem,
856 1166 906 1217 hoc

299 1241 389 1291 modo:
410 1241 521 1309 ‘quodsi
537 1242 617 1300 istm,
635 1242 738 1306 Judieer,
753 1241 836 1292 vestris
851 1241 905 1292 sen·

297 1324 308 1346 ¹
316 1318 399 1367 tentiis
408 1316 575 1377 liberaveritis,
593 1317 672 1367 statim
683 1316 742 1367 ficut
756 1334 769 1368 e
782 1334 854 1368 cavea
865 1316 910 1373 ltu

301 1390 407 1451 ‘miss'uu
420 1406 462 1444 aut
479 1394 560 1461 aliqua
576 1395 715 1444 taeterrima
734 1393 813 1443 bellua
828 1391 908 1453 soluta

301 1477 351 1520 ‘ex
360 1471 458 1529 catenis,
469 1470 588 1530 volitabit,
596 1482 622 1521 et
630 1472 756 1537 vagabitur
766 1471 792 1520 in
804 1469 868 1529 foro¹
877 1487 904 1526 a,

300 1553 309 1577 ⁸
319 1562 393 1596 cuens
403 1546 487 1597 dentes
495 1547 621 1597 multosin
631 1547 745 1613 cujusque
750 1547 869 1606 fortunas,
879 1548 906 1599 iu

301 1630 406 1672 ‘omues
423 1625 515 1674 amicos
525 1637 596 1692 atque
607 1624 727 1681 inimicos,
744 1636 818 1673 notos
832 1636 904 1690 atque

300 1706 309 1730 ⁸
316 1700 415 1766 ignotos
423 1700 546 1750 incursans
557 1720 564 1761 ;
584 1699 689 1750 aliorum
697 1699 789 1750 famam
800 1701 904 1766 depecu-

299 1783 309 1806 ‘
321 1775 383 1835 laus,
394 1776 497 1826 aliorum
506 1789 579 1842 caput
586 1793 738 1842 oppugnans,
747 1776 851 1826 aliorum
858 1776 903 1827 do·

301 1860 473 1919 ‘mumurque
492 1870 592 1904 omnem
607 1853 725 1902 familiam
742 1852 904 1920 perfringens,

299 1928 489 1995 ‘rempublicam
496 1929 607 1979 funditus
613 1928 765 1978 labefatians.
775 1933 905 1996 quareJu-
925 1945 927 1949 ·

301 2003 389 2063 «ἀίεις,
397 2005 476 2068 ejicite
485 2023 541 2056 eum
549 2007 577 2056 de
592 2006 697 2062 civitate,
708 2005 807 2055 liberate
818 2020 905 2057 omnes

299 2078 468 2143 ‘formidine3
494 2084 566 2132 vobis
581 2082 683 2148 denique
701 2081 756 2146 ipsis
772 2081 901 2133 consulite.

300 2165 308 2186 ⁸
319 2173 377 2206 nam
387 2157 478 2208 sristum
489 2159 638 2224 impunitum
649 2158 793 2216 dimiseritis,
812 2160 837 2207 in
848 2157 903 2206 vos·

299 2242 308 2263 ⁸
316 2234 439 2299 metipsos,
448 2235 509 2285 mihi
516 2236 614 2292 credite,
622 2234 698 2283 feram
706 2246 731 2283 et
738 2235 902 2284 truculentam

299 2310 424 2368 ‘bestiam
438 2311 540 2376 Judices,
554 2311 722 2360 immiseritis.’
741 2310 809 2368 item,
825 2319 903 2367 ‘nam

299 2394 308 2417 ⁸
319 2385 371 2435 fide
384 2389 439 2445 hoc,
449 2388 554 2451 Judices,
567 2403 667 2453 gravem
682 2387 827 2437 sententiam
839 2385 903 2436 tule-

299 2471 308 2493 ⁸
317 2464 378 2525 ritis,
389 2464 538 2527 unojudicio
547 2461 617 2513 fimul
627 2461 904 2530 multosjugulaveritis.

298 2538 412 2605 'grandis
425 2551 484 2588 natu
501 2555 595 2604 parens,
619 2539 689 2604 cujus
707 2539 759 2603 spes
776 2539 904 2591 stnetlutis

299 2615 397 2664 ‘omnis
405 2615 430 2662 in
438 2615 511 2679 hujus
523 2614 680 2665 adolescentia
686 2615 761 2680 polita
771 2615 811 2673 est,
831 2632 905 2681 quare

299 2690 376 2740 'velit
390 2692 415 2740 ln
424 2693 475 2740 vita
485 2708 590 2750 manere,
601 2708 652 2740 non
661 2692 773 2741 habebit:
793 2691 837 2741 filii
847 2709 903 2757 par·

300 2775 308 2798 ⁸
318 2769 351 2825 vi,
364 2769 452 2834 privati
464 2770 539 2833 patris
549 2768 648 2826 auxilio,
661 2767 765 2818 ludibrio
775 2781 800 2819 et
808 2770 902 2835 despec-¹

299 2853 307 2875 ‘
317 2846 353 2893 tui
362 2845 470 2910 paternis
480 2846 584 2896 inimicis
594 2857 665 2895 erunt
673 2846 776 2911 opposui
785 2865 790 2894 :
800 2857 853 2896 tota
860 2847 904 2895 do·

299 2929 373 2970 ‘mus
388 2921 461 2985 hujus
478 2923 576 2988 indigna
586 2923 695 2972 concidet
705 2921 840 2972 calamitate
851 2941 857 2970 :
878 2934 906 2973 at

299 2999 409 3050 ‘inimici
425 2998 506 3051 statim
519 2997 714 3068 sanguinulenta
726 2995 829 3060 malma,
838 2993 933 3037 umba

293 3072 397 3131 'liffima
408 3081 520 3134 vitioria
535 3077 627 3152 potiti,
635 3061 965 3131 mturaumtmxtm
