2442 3609
373 670 429 723 AD
449 664 722 723 HERENKIUM
744 682 802 721 nto.
825 683 846 719 1.
896 686 913 732 9

308 760 343 815 eit
359 764 504 815 auditorem.
531 764 561 814 de
577 763 677 813 exordio
689 761 745 812 satir
764 761 853 811 uterum
865 759 913 811 est:

265 841 299 913 1⁸
308 838 423 906 deinceps
438 844 469 891 ad
484 840 650 891 narrationem
665 838 821 889 transeamus.
850 840 914 889 Nar-

285 960 290 975 ,
308 919 434 968 rationum
447 919 495 969 tria
502 918 558 969 sunt
564 934 661 984 genera.
673 933 757 975 unum,
777 932 826 982 quo
836 931 913 980 expo-

308 992 393 1045 ulmue
407 1010 459 1045 rena
479 996 577 1061 gestam,
595 1006 620 1044 et
630 993 819 1059 unumquodque
835 993 913 1042 trahi-

308 1086 367 1135 mus
378 1070 407 1121 ad
424 1070 552 1122 utilitatem
569 1071 684 1130 nostram,
703 1070 814 1120 vincendi
827 1069 913 1118 causa:

308 1149 486 1215 quodpertinet
495 1149 573 1198 adeas
585 1147 674 1206 causas,
691 1146 721 1196 de
731 1145 913 1213 quibusjudici-

260 1222 266 1231 '
310 1239 354 1274 um
365 1223 478 1277 futurum
492 1224 534 1273 est.
554 1224 659 1274 alterum
675 1239 752 1289 genua
766 1223 915 1273 narrationis

309 1299 353 1357 esi,
359 1302 424 1366 quod
430 1302 569 1370 intercurrit
573 1316 750 1364 nonnunquam
760 1310 801 1347 aut
808 1298 915 1356 fidei‚aut

310 1377 539 1435 criminationum
548 1376 704 1433 traufitionis,
711 1387 753 1424 aut
761 1374 861 1438 alicujus
870 1392 915 1442 ap·

310 1454 452 1519 putationis,
460 1453 500 1504 vel
506 1452 654 1505 laudationis
663 1451 742 1503 causa.
762 1453 860 1502 tertium
869 1469 915 1518 ge·

309 1530 398 1580 nuaest
407 1531 439 1588 id,
451 1531 612 1596 quodacausa
621 1529 687 1583 civili
694 1541 816 1579 remotum
825 1528 873 1579 est:
886 1531 914 1579 in

308 1624 359 1677 quo
367 1619 449 1657 tamen
459 1611 566 1658 exerceri
580 1609 703 1665 convenit,
715 1623 764 1673 quo
777 1608 914 1656 commodi-

308 1700 337 1735 ur
345 1683 399 1735 illas
408 1685 541 1751 superiores
549 1687 701 1749 narrationes
710 1686 735 1734 in
744 1683 816 1733 caufis
824 1687 912 1734 tratta-

308 1778 334 1812 re
345 1763 467 1827 pellimus.
487 1763 541 1826 ejus
552 1763 697 1813 narrationis
712 1763 760 1810 duo
773 1761 828 1810 sunt
837 1779 912 1827 gene-

308 1856 350 1897 ra:
371 1856 457 1898 unum,
472 1839 572 1904 quodin
582 1841 699 1905 negotiis;
720 1838 831 1896 alterum,
846 1838 912 1903 quod

308 1916 335 1965 in
345 1916 452 1979 personis
465 1914 567 1980 positum
583 1915 626 1964 est.
646 1917 670 1964 id
679 1916 747 1980 quod
762 1915 788 1962 in
799 1915 912 1978 negotio-

308 2007 365 2040 rum
375 1991 522 2056 expositione
537 1991 639 2057 posrtum
650 1992 691 2050 eil,
707 2004 755 2040 tres
767 1991 840 2039 habet
854 2008 912 2056 par·

310 2079 353 2127 tes,
362 2068 478 2126 fabulam,
488 2067 620 2127 historiam,
629 2080 810 2135 argumentum.
830 2065 913 2117 fabula

307 2144 912 2213 ell,quaeaequaveras,nequeveristmilescontinet

308 2239 354 2282 res,
366 2237 392 2273 ut
401 2225 455 2283 hae,
467 2240 528 2290 quae
539 2224 668 2290 tragoediis
676 2224 776 2273 traditae
783 2223 848 2272 sunt.
861 2222 911 2272 his·

309 2302 370 2350 toria
379 2302 411 2351 est
419 2319 456 2352 res
464 2300 576 2368 gesta,sed
586 2303 616 2349 ab
624 2301 707 2350 aetatis
714 2299 806 2349 nostrae
814 2317 911 2349 memo·

293 2378 451 2442 .rjaremota.
464 2389 635 2443 argumentum
643 2377 676 2426 est
682 2376 736 2425 lisia
744 2393 790 2432 rea,
799 2393 859 2441 quae
873 2389 911 2424 ta-

309 2470 366 2502 men
383 2455 433 2502 fieri
444 2446 531 2519 potuit,
549 2454 617 2509 velut
634 2465 778 2519 argumenta
788 2453 911 2500 comoedi-

310 2546 389 2579 arum.
409 2529 468 2579 illud
474 2546 551 2596 genus
558 2531 710 2585 narrationis,
720 2530 785 2594 quod
796 2529 820 2576 in
829 2527 910 2592 perfir-

309 2608 348 2656 nis
355 2606 458 2672 positum
468 2608 509 2664 eil,
518 2608 587 2656 debet
596 2607 683 2656 habere
693 2606 810 2655 sermonis
820 2605 910 2655 sellivi·

310 2696 394 2740 tatem,
408 2683 544 2733 animorum
563 2683 785 2740 dissimilitudinem,
804 2685 911 2748 gravita-

309 2774 368 2819 tem,
384 2760 519 2818 lenitatem,
539 2760 613 2826 spem,
629 2774 731 2819 metum,
745 2759 911 2826 suspicionem,

308 2839 456 2897 desiderium,
477 2839 694 2898 diffimulationem,
712 2839 912 2897 misericordiam,

308 2934 390 2968 rerum
400 2919 537 2976 varietates,
557 2917 671 2968 fortunae
683 2919 929 2967 commutationem„

306 2994 455 3061 insperatum
469 2999 679 3054 incommodum,
691 2983 952 3043 tnuxnamxaentxm·

295 3071 677 3154 ituundtmeaitumaemm.
693 3050 952 3122 acrumwfflw

644 3155 674 3208 sa
697 3166 715 3213 5
