2442 3609
305 612 678 713 'iu-nunuuuiunt
699 667 757 706 iii.
770 667 807 706 iv.
836 669 888 720 ης

285 749 362 808 abeo,
382 747 447 816 quod
463 747 498 804 fit,
518 756 545 796 ut
555 761 611 796 cum
631 745 795 797 ‘deiidiosam’
810 756 889 798 artem

285 826 402 884 dicemus,
412 826 468 890 quia
481 822 605 873 desidiosos
615 822 689 873 facit:
708 835 734 874 et
745 822 824 890 frigus
837 822 891 888 ‘pi-

288 909 297 932 ⁸
303 904 395 967 grum,'
401 901 457 967 quia
464 900 546 966 pigros
554 898 622 949 facit.
642 901 672 949 ab
679 917 717 960 eo,
733 900 798 967 quod
810 898 892 948 conti-

288 991 339 1036 net,
353 978 384 1035 id,
397 976 461 1042 quod
473 976 621 1034 continetur,
640 977 688 1026 hoe
697 978 770 1027 modo
779 975 892 1026 denomi-

287 1055 403 1103 nabitur:
424 1052 514 1101 ‘armis
524 1051 655 1103 Italiauon
664 1054 741 1119 potest
756 1053 830 1110 vinci,
845 1064 893 1101 nee

281 1137 298 1163 ·⁴
309 1129 412 1179 Graecia
425 1127 574 1194 disciplinis)
598 1146 657 1178 nain
670 1129 711 1179 hic
733 1146 777 1195 pro
791 1127 893 1179 Graecis

284 1205 399 1261 enitatis,
413 1221 473 1270 quae
483 1205 712 1264 eontinent,notata
723 1205 788 1255 sunt.
808 1207 838 1253 nb
853 1220 893 1262 eo,

255 1342 258 1346 .
289 1282 356 1348 quod
363 1282 511 1338 continetur,
526 1280 560 1338 id,
569 1283 634 1347 quod
641 1283 803 1339 eontinenut,
815 1279 895 1346 nquis

291 1373 386 1417 eurum,
395 1355 435 1408 vei
443 1368 580 1424 argentum,
588 1370 630 1409 nur
637 1360 696 1407 ebur
706 1360 828 1415 nominet,
836 1373 893 1407 cum

290 1433 386 1483 divitias
400 1433 461 1485 velit
469 1435 606 1488 nominare.
624 1435 712 1484 harum
726 1435 839 1485 omnium
851 1433 892 1485 de-

285 1511 488 1560 nominationum
497 1511 575 1576 magis
584 1512 609 1560 in
620 1512 787 1578 praecipiendo
802 1508 894 1569 divisio,

290 1602 364 1654 quam
370 1587 399 1636 in
411 1587 548 1654 quaerendo
558 1587 658 1638 difficilis
666 1589 776 1639 inventio
784 1587 825 1646 est,
839 1585 895 1635 ideo

291 1664 356 1729 quod
369 1663 594 1730 plenaconsuetudo
607 1665 641 1714 est
656 1682 708 1715 non
722 1665 795 1716 modo
810 1674 896 1729 poete·
966 1656 969 1662 ’

291 1755 347 1788 rum
356 1752 380 1790 et
388 1751 521 1799 oratorum,
537 1741 574 1791 sed
582 1744 654 1791 etiarn
662 1742 795 1808 quotidiani
803 1743 895 1790 stimo-

291 1817 338 1872 nis‚
348 1816 484 1881 hujusmodi
495 1817 731 1868 denominationum.
744 1817 853 1867 circuitio
862 1814 896 1867 est

258 1895 260 1898 ⁴
290 1893 378 1951 oratio,
409 1909 461 1941 rem
483 1890 615 1958 simplicem
631 1896 774 1958 assumptam
791 1894 896 1943 circuni·

292 1967 395 2017 scribens
410 1967 556 2026 elocutione,
581 1971 629 2018 hoc
649 1973 738 2036 padio:
767 1968 898 2034 ‘Scipionis

293 2044 465 2108 ‘providentii
479 2046 631 2112 Carthaginis
651 2063 709 2112 opes
724 2046 818 2111 fregit)
836 2060 897 2094 nam

288 2119 340 2177 iiic,
354 2119 397 2169 nisi
414 2122 517 2170 ornandi
529 2124 590 2172 ratio
603 2124 720 2188 quaedam
735 2121 792 2173 esset
805 2121 895 2179 habita,

293 2197 371 2263 Scipio
381 2198 459 2262 potuit
467 2208 492 2246 et
503 2198 626 2264 Carthago
634 2197 773 2263 simpliciter
789 2196 895 2263 appelia-

293 2274 324 2322 ri.
341 2273 540 2342 'transgreffioesp
556 2291 618 2342 quae
631 2277 760 2326 verborum
773 2276 899 2340 perturbat

246 2353 256 2364 “
293 2350 403 2400 ordinem
411 2349 570 2416 perversione,
588 2363 630 2401 aut
644 2352 823 2415 transjeeiione.
840 2367 895 2417 per·

293 2426 400 2476 versione
417 2427 447 2475 sic
457 2444 463 2474 :
484 2435 491 2455 ‘
501 2427 549 2475 hoc
559 2428 629 2477 vobis
636 2429 693 2477 deos
700 2425 851 2476 immortales
858 2444 898 2477 ar·

296 2503 387 2551 ‘bitror
399 2500 482 2551 dediffe
491 2505 578 2568 pietate
588 2519 632 2568 pro
640 2505 737 2553 vestra)
746 2504 898 2567 transjectio-

295 2595 326 2628 ne
342 2580 389 2628 hoe
404 2579 492 2628 modo:
508 2579 637 2629 ‘instabilis
652 2583 677 2629 in
685 2580 755 2630 istum
763 2580 897 2645 plurimum

296 2655 412 2704 ‘fortuna
420 2653 517 2704 viluit!
535 2657 602 2713 item,
611 2664 618 2685 ‘
628 2673 714 2707 omnes
726 2657 841 2706 invidiose
850 2657 898 2706 eri·

277 2780 279 2784 Α
297 2739 305 2761 ‘
313 2733 366 2797 puit
374 2733 416 2781 tibi
436 2732 496 2780 bene
512 2732 608 2782 vivendi
618 2732 838 2783 casusfacultates.'
851 2734 898 2782 hu-

295 2809 399 2874 jusmodi
408 2809 553 2872 transjeiiitn
571 2827 633 2877 quae
643 2827 694 2860 rem
704 2827 755 2859 non
769 2811 846 2860 reddit
855 2812 899 2860 ob-

293 2886 398 2944 ·seuram,
419 2885 524 2935 multum
535 2887 642 2953 proderit
657 2887 685 2936 ad
697 2889 900 2944 continuationes,

299 2964 327 3011 de
335 2965 420 3031 quibus
428 2975 485 3014 ante
492 2963 586 3013 ditium
594 2964 648 3014 eni
661 2964 697 3011 'in
710 2965 804 3024 eniens
817 2967 928 3015 num*-

287 3043 382 3108 rerba,
402 3043 464 3101 sitiit
482 3061 500 3098 a
518 3043 663 3116 poenin'm
675 3035 817 3109 Quonim
828 3029 958 3075 vim*
