2442 3609
367 643 422 695 AD
440 648 710 703 HERENNIUM
732 663 789 701 ιιι.
805 663 853 701 ιιι.
883 652 922 705 31·-

316 736 419 803 aequali,
428 744 660 793 commutationibus
668 743 872 800 crebris,maxima
881 758 920 792 ce-

316 812 421 866 leritate.
441 817 466 866 in
474 820 644 887 conquestione
653 832 749 870 utemur
758 819 919 884 vocedeprei·

315 889 348 951 sa,
366 892 482 945 inclinato
492 896 560 956 sono,
578 897 667 946 crebris
677 894 818 953 intervallis,
837 893 920 961 longis

279 991 290 1028 ι
294 993 307 1037 5
318 967 408 1034 spatiis,
417 974 512 1039 magnis
526 974 772 1024 commutationibus.
792 975 830 1022 De
841 972 919 1039 figura

317 1046 446 1097 vocissatis
453 1050 582 1101 ditiumest
592 1068 598 1101 :
619 1066 686 1099 nunc
696 1049 723 1099 de
731 1049 839 1115 corporis
846 1061 919 1097 motu

314 1122 444 1175 dicendum
453 1127 557 1176 videtur.
577 1139 660 1176 motus
670 1125 818 1191 estcorporis
831 1125 918 1192 getius,

315 1212 341 1250 et
350 1199 433 1250 vultus
440 1202 704 1271 moderatioquaedam,
720 1200 919 1269 qnaepronunti-

316 1277 368 1326 anti
383 1280 505 1336 convenit,
522 1294 546 1330 et
553 1278 714 1347 probabiliora
723 1278 801 1328 reddit
810 1294 846 1336 ea,
856 1293 919 1347 quae¹

316 1355 515 1418 pronuntiantur.
537 1357 652 1406 convenit
662 1357 736 1423 igitur
755 1356 781 1404 in
793 1352 864 1403 vultu
874 1370 919 1429 pul·

316 1430 401 1479 dorem
415 1443 439 1481 et
453 1434 611 1482 acrimoniam
621 1431 682 1481 effe:
703 1432 728 1481 in
737 1430 807 1499 gestu
818 1447 868 1480 noo
876 1446 920 1479 ve«

315 1507 434 1557 nustatem
443 1510 607 1575 conspicuam,
623 1525 668 1558 nec
680 1508 853 1574 turpitudinem
864 1505 929 1565 eise..

270 1609 272 1614 ·
316 1601 347 1634 ne
358 1595 399 1634 aut
414 1585 547 1645 histriones,
559 1598 600 1636 aut
615 1586 717 1652 operarii
727 1586 850 1635 videamur
863 1585 919 1634 ess'e.

316 1663 344 1711 ad
352 1662 444 1712 casdem
452 1665 525 1731 igitur
532 1676 621 1729 partes,
631 1665 658 1712 in
668 1680 727 1729 quas
738 1678 787 1711 vox
799 1663 832 1711 cst
840 1660 918 1710 distri-

313 1740 379 1797 buta,
388 1754 571 1807 motusquoque
581 1739 689 1804 corporis
697 1739 758 1789 ratio
768 1735 919 1789 videturesse

314 1818 524 1866 accommodanda.
544 1834 600 1866 nam
616 1817 632 1865 fi
647 1817 692 1865 erit
706 1809 782 1865 strttio
793 1833 848 1865 cum
865 1815 917 1881 dig·

314 1892 390 1942 nitate
400 1913 406 1952 ;
418 1892 536 1942 stantesin
549 1893 657 1959 vestigio,
668 1891 716 1942 levi
724 1893 835 1942 dexterae
846 1905 918 1940 motu

304 1966 380 2034 ¹loqui
389 1971 516 2034 oportebit,
536 1968 666 2028 hilaritate,
680 1969 781 2028 tristitia,
790 1968 918 2017 mediocri-

313 2056 363 2095 tate
373 2044 455 2095 vuitus
473 2048 500 2096 ad
510 2046 627 2096 sermonis
640 2045 769 2096 sententias
778 2061 917 2095 accommo-

313 2123 376 2173 data.
398 2122 431 2172 sm
442 2125 489 2174 erit
497 2125 521 2172 in
532 2123 734 2173 demonstratione
742 2122 836 2185 sermo;
856 2139 916 2188 pau-

313 2198 391 2250 lulum
403 2218 489 2266 corpus
503 2219 515 2249 a
526 2201 659 2252 cervicibus
671 2201 838 2273 demittemusu..
857 2192 917 2249 nam

312 2278 360 2327 hoc
370 2278 402 2326 est
413 2296 425 2327 a
434 2291 520 2328 natura
528 2279 649 2337 datum,ut
659 2296 730 2344 quam
742 2279 853 2342 proxime
862 2289 917 2327 tum

314 2355 412 2403 vultum
429 2356 600 2404 admoveamus
621 2355 650 2403 ad
668 2355 796 2410 auditores,
815 2354 917 2421 siquam

315 2447 365 2479 rem
378 2432 462 2480 docere
470 2450 519 2490 eos,
532 2445 556 2481 et
566 2432 723 2481 vehementer
736 2430 846 2495 instigare
857 2430 918 2479 veli·

315 2524 380 2556 mus.
400 2508 433 2554 sm
443 2510 488 2556 erit
496 2510 520 2556 in
530 2509 668 2556 narratione
676 2507 769 2567 sermo;
789 2507 851 2555 idem
862 2523 918 2555 mo-

316 2593 354 2632 tus
368 2585 456 2648 poterit
472 2585 570 2634 idoneus
587 2585 640 2640 ess'e,
657 2585 699 2650 qui
714 2583 786 2648 paulo
808 2595 864 2634 ante
875 2585 917 2632 de-

315 2660 489 2720 monstrabatur
504 2661 529 2710 in
546 2662 673 2726 dignitate.
694 2661 727 2710 fin
743 2662 766 2709 in
776 2661 900 2724 iocatione
908 2681 917 2725 g

312 2737 384 2787 vultu
392 2737 511 2802 quandam
523 2739 661 2788 debebimm
670 2738 817 2787 hilaritatem
829 2737 918 2804 fignifi-

314 2831 378 2872 care,
394 2813 441 2862 fine
450 2817 641 2864 commutatione
649 2816 736 2882 gestus.
757 2816 773 2863 st
786 2817 917 2865 contcnde-

314 2909 369 2941 mus
378 2909 420 2957 per
429 2894 636 2942 continuationem
646 2912 653 2953 ;
673 2893 770 2942 brachio
780 2891 917 2949 celerimo-

313 2968 355 3021 bili
369 2968 447 3028 vultu,
466 2972 516 3020 acri
533 2970 634 3038 aspeftu
645 2983 760 3019 utemur.
777 2967 819 3013 im
830 2976 943 3040 comacu-

286 3091 289 3096 .
306 3046 397 3101 ‘inflet
407 3051 693 3120 perdistxtburtonem,
712 3032 950 3101 eeieixiffissmm

610 3132 675 3188 Db
